2992 4784
643 469 682 536 lt

145 700 203 742 non
231 677 397 741 admoverit
421 679 555 751 ultimam
582 673 738 760 manuml)
783 677 909 742 Accedit
935 697 1069 758 quoque,
1097 679 1178 759 quod

146 801 296 863 Diodorus
318 807 440 862 testatur
462 797 547 877 (XV.
571 796 633 878 76),
648 801 876 879 Xenophontem
895 819 1006 860 summa
1029 809 1177 864 senectute

147 920 239 982 libros
261 940 314 980 eos
337 919 501 998 scripsisse,
524 919 565 979 ita
587 926 619 980 ut
641 921 689 982 vel
712 927 806 980 morte
829 939 989 1000 oppressus
1011 921 1061 981 vel
1082 921 1179 983 animo

121 1075 124 1078 ·
148 1049 225 1102 eerte
247 1040 333 1100 nimis
356 1040 455 1118 segnis
477 1040 515 1100 ad
538 1039 737 1102 retractandas
766 1059 816 1100 eas
845 1057 892 1100 res
921 1039 1057 1100 videatur
1078 1041 1180 1105 fuisse.

82 1183 95 1208 ·
148 1162 280 1240 Quorum
302 1167 400 1220 contre
423 1159 592 1220 sententiam
613 1167 697 1220 sente
720 1159 853 1238 disputat
874 1159 1051 1233 Oreuaerus,
1073 1181 1182 1241 nequa·

148 1300 234 1360 qnam
257 1300 291 1340 es
315 1301 347 1340 re
369 1279 611 1340 existimationem
633 1279 731 1358 operis
753 1279 858 1339 mutari
882 1273 982 1355 „nsm,
1011 1281 1122 1358 inquit,
1152 1282 1182 1342 in

149 1399 369 1461 adumbratione
392 1420 509 1478 quoque
532 1399 629 1478 operis
658 1398 797 1458 historici
817 1400 1009 1478 incomposita
1037 1400 1177 1460 rationem

150 1519 302 1598 quandam,
325 1537 400 1596 quae
423 1526 538 1597 partum
561 1517 665 1577 reddat
691 1518 812 1577 vitalem
834 1519 1010 1597 penitusque
1041 1527 1181 1598 penetret,

148 1638 189 1696 ita
212 1643 244 1696 nt
265 1637 295 1696 iu
317 1655 433 1714 quaque
455 1643 536 1715 parte
560 1637 682 1709 eluceat,
705 1635 889 1714 perspicuam
901 1636 963 1696 fieri
976 1657 1096 1698 neeesse
1110 1637 1182 1701 est.“

148 1757 345 1836 Quamobrem
361 1756 492 1815 dissideo
505 1755 543 1815 ab
565 1756 699 1838 opinione
711 1752 917 1832 Volkmarii,²)
934 1757 985 1835 qui
1000 1758 1183 1837 Xenophon·

148 1867 207 1937 tem
229 1877 310 1937 initio
329 1876 370 1936 de
393 1861 515 1936 historia
536 1877 703 1950 universali,
726 1896 801 1955 quae
821 1884 951 1952 vocatur,
974 1879 1121 1956 cogitasse
1143 1887 1182 1954 st,

149 2017 215 2058 eum
237 1997 400 2056 destitisset
419 2017 436 2056 a
453 2005 559 2075 coepto
576 1997 776 2056 illahistoriae
795 1999 855 2077 jam
878 1998 1002 2077 scriptae
1025 1987 1184 2059 inseruisse

150 2125 245 2197 putat,
269 2118 308 2177 ita
330 2124 363 2176 ut
384 2124 487 2196 postea
511 2117 663 2179 historiam
692 2133 775 2178 suam
801 2119 978 2198 amplificare
1002 2119 1132 2182 voluisse
1155 2127 1184 2180 et

150 2238 180 2298 in
203 2239 260 2297 hoe
282 2237 405 2297 consilio
429 2236 618 2314 exsequendo
648 2245 740 2298 morte
769 2258 928 2317 oppressus
951 2258 1016 2300 esse
1038 2239 1183 2301 videatur.

151 2357 211 2418 Sed
224 2357 379 2418 Helleniea
402 2364 432 2418 et
454 2358 552 2417 studio
569 2357 747 2420 elaboratam
761 2358 912 2418 historiam
929 2379 994 2419 esse
1009 2359 1183 2433 existimem,
1242 2335 1247 2346 ι

151 2495 209 2535 ιιοιι
224 2477 447 2536 commentarios
464 2477 502 2538 ab
517 2478 577 2537 alio
592 2478 793 2540 absolvendos
811 2486 842 2540 et
860 2481 890 2538 in
908 2479 1046 2540 historiae
1062 2479 1183 2540 formam

152 2590 376 2673 redigerunt),
406 2616 471 2656 nam
504 2597 629 2675 primum
663 2605 796 2673 vetems,
830 2599 1058 2677 Xenophontem
1091 2618 1138 2658 res
1167 2618 1185 2659 a

153 2714 327 2794 Thucydide
363 2709 481 2775 relictas
517 2724 703 2794 persecutum
741 2737 808 2777 esse
836 2717 1012 2796 prodentes,
1043 2716 1118 2777 nihil
1148 2717 1185 2777 de

151 2843 250 2894 nostra
279 2835 450 2912 quaestione
477 2835 613 2909 tradunt,
643 2836 696 2896 sed
726 2838 951 2916 Theopompum
979 2844 1090 2897 tantum
1119 2857 1185 2897 eum

152 2955 212 3026 illo,
235 2962 268 3013 ut
288 2956 340 3032 qui
362 2955 472 3015 similes
503 2956 561 3015 sint
590 2956 776 3016 historiarum
800 2957 972 3034 scriptores,
1002 2965 1186 3036 componunt.

152 3075 267 3134 Deinde
285 3074 486 3134 difficillimam
509 3095 570 3134 ram
581 3076 751 3154 Xenophon
775 3077 805 3134 in
819 3075 940 3135 historia
963 3076 1015 3136 illa
1029 3064 1187 3136 'scribenda

153 3194 208 3254 sibi
231 3200 433 3272 proposuerat,
456 3214 557 3272 quam,
589 3196 745 3273 quominus
778 3197 940 3256 exantlaret
969 3203 997 3256 ct
1027 3195 1188 3256 secundum

153 3314 236 3392 leges
258 3320 409 3389 tractaret,
438 3315 555 3393 ingenio
578 3334 631 3375 suo
654 3335 758 3395 parum
780 3316 961 3395 pragmatico
984 3324 1013 3376 et
1034 3323 1187 3376 occaecato

154 3433 362 3512 Spartanorum
389 3453 488 3494 amore
519 3443 583 3494 erat
612 3435 781 3514 impeditus.
840 3436 920 3514 Quid
948 3435 1054 3495 mirum
1088 3435 1188 3514 igitur,

155 3554 235 3632 qnod
256 3574 358 3614 manea
380 3554 489 3634 passim
519 3562 564 3615 est
591 3557 715 3616 narratio
746 3565 776 3616 et
800 3558 880 3636 justo
902 3556 1022 3617 brevius
1045 3556 1188 3635 quaedam

226 3760 245 3828 1)
263 3764 298 3813 et.
316 3762 497 3830 wyttenbaeh
515 3764 544 3814 in
567 3746 712 3828 Εκλογαῖς
734 3741 901 3830 ἱστορικαῖς.

223 3863 246 3930 2)
264 3866 378 3918 DeXen.
385 3865 457 3920 Hell.
466 3874 605 3922 comment.
614 3867 846 3920 historico-critice
863 3871 887 3932 5.
894 3865 920 3918 9.
946 3867 1104 3933 Goettingse
1114 3863 1190 3918 1837.

223 3966 247 4037 Β)
265 3969 298 4021 ei.
316 3969 426 4024 Weiske
443 3967 490 4024 tv.
508 3987 534 4038 p.
552 3969 626 4022 XXI.
