2992 4784
809 444 853 512 22·

314 652 359 712 Ita
392 652 467 712 enim
501 652 668 712 Diodorust
701 629 994 734 „Exprobraverunt,
1028 655 1138 735 inquit,
1172 657 1232 731 illi,
1250 613 1342 738 ·qnod

313 773 461 834 Antiocho
483 773 637 852 imperium
665 775 862 858 permisisset,
893 785 926 836 ut
954 777 1051 856 ipsum
1080 777 1184 840 liceret
1211 779 1343 858 praedari

312 900 344 954 et
362 894 517 971 ‘pecuniam
539 894 578 976 ad
599 915 705 957 coenas
727 889 758 958 et
777 918 892 958 amores
915 899 1051 960 sectanda
1074 899 1243 962 conflaret.“
1271 902 1344 961 Tum

312 1011 437 1074 immane
452 1013 528 1074 illud
543 1015 664 1091 facinus,
687 1017 717 1094 in
740 1037 812 1095 paee
837 1024 937 1078 eontra
962 1018 1109 1080 civitatem
1127 1019 1236 1080 sociam
1253 1026 1345 1098 patra·

312 1139 374 1196 tum
397 1140 427 1194 et
447 1155 513 1195 cum
529 1130 746 1217 'indignatione'
772 1137 862 1197 totius
892 1135 1032 1200 Graeciae
1059 1138 1193 1200 auditum
1215 1170 1256 1182 -
1279 1139 1345 1200 sub·

314 1249 412 1312 dolam
441 1253 508 1314 dieo
537 1251 612 1318 arcia
636 1255 804 1316 Thebarum
835 1259 1055 1336 occupationem
1079 1279 1199 1319 —non
1228 1259 1345 1320 laudare

211 1429 214 1434 r
308 1355 430 1436 'videtur
458 1373 642 1453 Xenophon,
674 1395 740 1435 cum
774 1374 824 1452 (V,
848 1369 877 1449 2,
901 1371 954 1452 28)
982 1377 1164 1438 Phoebidam
1193 1385 1346 1458 propterea

312 1493 488 1585 Leontiadis
519 1495 642 1556 oonsilio
681 1495 889 1574 obsequentem
925 1496 1011 1570 facit,
1053 1497 1134 1576 quod
1162 1489 1220 1573 „nir
1251 1491 1348 1576 μέντοι

312 1613 485 1703 hortonam<
506 1633 540 1692 γε
562 1607 637 1700 οὐδὲ
655 1607 797 1694 φρόνιμος
818 1591 916 1678 edant
939 1617 1044 1693 fuerit,
1073 1626 1102 1678 et
1124 1616 1205 1698 quod
1227 1617 1348 1690 Grotius

313 1729 434 1824 putat1),
457 1736 688 1822 Xenophontem
711 1736 767 1794 hoo
789 1737 856 1806 loco
873 1737 1035 1814 significare
1050 1738 1190 1811 voluisse,
1213 1745 1349 1816 quantam

313 1841 476 1916 utilitatem
502 1855 689 1934 praebuisset
729 1857 882 1935 occupatio
923 1856 1083 1929 Oadmeae,
1118 1857 1254 1943 equidem
1293 1878 1351 1917 non

241 1951 244 1958 .
313 1976 458 2054 intelligo.
482 2008 523 2017 -
548 1974 698 2035 Diodorus
720 1982 818 2036 autem
838 1975 933 2053 (XV.‚
957 1972 1019 2052 20),
1043 1977 1094 2055 qui
1106 1976 1262 2059 Thebanos
1284 1997 1351 2037 oum

313 2093 467 2155 Phoebida
497 2093 611 2170 proelio
642 2063 838 2154 decertavisse
868 2094 971 2167 tradit,
1002 2113 1068 2153 cnm
1096 2115 1114 2154 a
1141 2083 1351 2173 Xenophontis

314 2215 478 2275 narratione
509 2209 673 2292 discrepet,
703 2215 816 2274 crimini
827 2211 852 2293 2)
875 2215 902 2275 ei
924 2213 989 2290 dat,
1018 2215 1098 2293 quod
1128 2214 1165 2275 de
1195 2215 1353 2275 certamine

314 2342 469 2414 propterea
490 2337 612 2394 fortasse
636 2335 709 2395 nihil
732 2355 975 2396 commemorasse
995 2336 1139 2409 videatur,
1163 2343 1196 2395 nt
1216 2335 1353 2414 ignaviae

224 2428 226 2432 Ι
285 2467 286 2472 ’
313 2463 411 2516 notam
435 2457 464 2514 in
487 2475 538 2516 eos
554 2457 692 2518 conferat.
725 2457 807 2534 Quae
824 2456 1024 2534 interpretatio
1041 2475 1126 2534 quarn
1150 2457 1188 2516 sit
1213 2463 1354 2530 contorta,

315 2595 408 2636 nemo
423 2596 481 2636 non
502 2575 655 2655 intelligit,
691 2583 720 2636 et
745 2577 806 2656 jam
835 2555 945 2636 idcirco
968 2576 1176 2657 Xenophontis
1204 2575 1352 2655 expositio

316 2697 354 2758 ad
378 2674 530 2760 ueritatem
559 2693 654 2776 magis
683 2696 825 2757 accedere
847 2696 978 2774 videtur,
1009 2696 1089 2776 quod
1119 2697 1205 2756 etiam
1232 2705 1354 2774 propter

314 2808 465 2893 feminas,
480 2836 553 2896 quas
573 2817 800 2878 Lacedaemonii
821 2825 855 2877 ut
876 2811 997 2878 obsides
1020 2826 1049 2877 et
1070 2817 1193 2896 pignora
1216 2815 1353 2895 obsequii

314 2941 345 3000 in
366 2959 434 3000 arce
448 2937 608 3012 tenebant,
632 2921 789 3001 Thebanos
817 2937 896 2998 omni
924 2937 1012 3018 modo
1042 2937 1186 3016 proelium
1218 2937 1352 2997 devitare

315 3043 513 3139 oportebacss)

402 3179 451 3240 Ad
462 3179 551 3238 alium
563 3179 660 3238 locum
671 3185 860 3245 transeamus.
883 3173 980 3256 (Heli.
991 3178 1029 3251 V,
1039 3173 1069 3252 4,
1085 3174 1129 3255 l):
1146 3177 1212 3238 Ho‘c
1227 3177 1351 3238 editiore

314 3301 400 3381 quasi
422 3302 520 3380 operis
553 3301 599 3360 sui
626 3300 694 3361 loco
723 3299 874 3378 paulisper
904 3298 1037 3359 'subsistit
1066 3299 1235 3377 Xenophon
1264 3305 1353 3376 atque

314 3413 372 3482 uno
402 3423 437 3482 in,
463 3429 622 3501 conspectu
656 3428 722 3480 ante
755 3421 857 3480 oculos
886 3420 969 3498 ponit
1000 3419 1160 3499 Spartanos
1188 3420 1226 3480 ad
1254 3440 1352 3481 rerum

315 3561 522 3622 prosperarum
549 3542 698 3621 fastigium
727 3540 917 3602 ascendentes
947 3546 977 3599 et
1006 3559 1108 3600 rursus
1137 3541 1175 3599 ab
1206 3561 1240 3600 eo
1270 3539 1352 3598 dela-

314 3664 431 3738 bentes3
463 3663 502 3721 ita
539 3671 636 3723 autem
674 3663 790 3722 divinae
821 3662 953 3741 justitiae
989 3660 1191 3722 observatione
1224 3660 1353 3738 tangitur

318 3763 524 3774 -n-—fl—

386 3801 406 3862 ι)
425 3796 520 3859 crica.
540 3795 620 3862 creta.
639 3815 663 3864 p.
682 3794 734 3849 sss
747 3763 777 3848 a.
798 3795 856 3849 142.

384 3883 407 3950 2)
425 3886 458 3936 ci.
477 3885 582 3936 Sievers
600 3901 618 3952 p
647 3881 696 3935 166
713 3899 740 3935 u.
759 3879 801 3935 iO.

384 3968 407 4037 8)
426 3972 460 4024 of.
479 3971 587 4024 Grotius
604 3986 629 4038 p.
648 3969 707 4022 356.
