2992 4784
654 453 699 522 29

160 673 272 745 spectet
294 685 390 726 mores
412 685 513 726 eorum
537 673 566 725 et
587 666 617 726 iu
635 685 735 734 ¹rerum
765 671 911 742 gestatum
943 663 1105 724 narratione
1128 683 1192 723 eam

160 786 299 846 rationem
329 785 442 858 inierit,
466 801 561 862 'quam
587 786 652 863 ipse
683 785 821 862 exposuit
849 784 880 843 in
902 782 1068 844 Alexandri
1090 783 1192 861 Magni

159 907 219 965 vita
241 907 287 966 his
310 905 417 978 verbis,
441 901 532 981 „cire
553 898 610 984 γὰρ
633 899 764 983 ἱστορίας
785 896 954 984 γράφομεν,
978 895 1057 963 ἀλλὰ
1080 885 1216 980 firlorrc‘ss¹

160 1025 298 1084 historica
320 1024 393 1083 fides
416 1025 442 1082 ei
466 1045 522 1083 non
545 1025 601 1083 fuit
623 1043 735 1084 summa
758 1025 823 1096 lex,
847 1023 904 1083 sed
923 1023 1018 1082 omnia
1041 1031 1194 1081 versantur

160 1146 188 1203 in
205 1144 335 1203 moribus
351 1143 558 1202 excellentium
575 1143 704 1202 virorum
721 1140 923 1202 describendis
939 1140 1012 1201 etin
1028 1118 1211 1202 revocanda*

160 1265 282 1343 pristina
304 1265 421 1325 virtute.

239 1384 362 1446 ,lisdem
393 1385 453 1444 fere
483 1384 611 1448 tontibus
641 1383 775 1442 similiter
805 1383 895 1444 utitur
918 1383 1070 1444 Cornelius
1084 1385 1193 1466 ‘Nepos

163 1502 191 1561 in
215 1503 284 1562 vifis
302 1502 475 1573 Alcibiadis,
498 1501 654 1579 Lysandri,
677 1501 865 1579 Thrasybuli,
889 1501 1025 1575 Cononis,
1049 1502 1192 1580 Agesilai,

161 1621 332 1701 iphicratis,
349 1622 500 1696 Chabriae,
520 1613 680 1695 Timothei,
692 1621 921 1700 Epaminondae,
934 1622 1113 1701 Pelopidae3
1139 1623 1192 1681 sed

160 1762 217 1801 non
239 1743 300 1815 tali,
323 1743 404 1820 quali
426 1743 487 1816 ille,
511 1742 673 1820 diligentia,
696 1742 761 1815 fide,
786 1741 925 1816 doctrina,
948 1742 988 1801 ita
1010 1750 1044 1801 ut
1058 1762 1190 1821 magnam

161 1863 363 1920 auctoritatem
394 1863 420 1920 ci
450 1861 578 1921 tribuere
601 1849 779 1940 nequeamus
792 1856 825 1941 1).
872 1863 954 1940 Quae
978 1882 1043 1922 eum
1065 1863 1106 1921 ita
1128 1862 1194 1933 siut,

160 1981 286 2040 narratio
309 1982 532 2059 Xenophontis,
564 1983 673 2041 ratione
697 1982 794 2041 habita
816 1981 884 2041 fidei
907 1982 1080 2054 historicae,
1110 1981 1195 2042 libris

160 2102 284 2161 Diodori
319 2110 349 2162 et
377 2103 536 2177 Plutarchi,
567 2123 690 2181 quorum
722 2105 777 2162 hoc
806 2104 873 2164 luce
895 2104 1052 2182 praecipue
1084 2102 1194 2162 mentio
1232 2112 1234 2122 ’

160 2222 289 2282 facienda
312 2230 365 2297 est,
388 2243 444 2283 non
468 2223 556 2282 modo
578 2244 635 2282 nou
657 2223 785 2297 inferior,
809 2223 859 2282 sed
884 2223 970 2284 etiam
992 2223 1054 2282 illis
1076 2231 1194 2302 autepo-

160 2343 253 2402 nenda
269 2362 334 2402 esse
348 2342 478 2402 videtur:
494 2343 620 2420 primum
636 2343 703 2420 quia
716 2343 895 2421 Xenophon,
908 2345 958 2421 qui
973 2342 1192 2420 adAgesilaum

162 2465 319 2542 praecipua
349 2465 424 2522 inter
453 2463 614 2541 Spartanos
642 2482 674 2522 se
704 2463 922 2541 applicaverat,
939 2483 999 2540 res
1030 2462 1193 2523 certissime

162 2575 317 2662 explorare
333 2583 436 2661 potuit,
453 2582 558 2642 deinde
575 2583 643 2660 quia
655 2583 884 2661 Xenophontem
898 2582 1194 2642 Lacedaemoniorum

159 2722 257 2762 amore
296 2723 343 2761 res
381 2709 478 2779 gestes
515 2702 658 2762 narrando
695 2702 877 2760 adulterasse
915 2696 965 2780 (ef.
993 2693 1032 2776 ξ.
1070 2697 1104 2776 4)
1136 2721 1194 2760 nou

162 2821 369 2900 suspicandum
392 2827 445 2895 est,
469 2821 595 2900 denique
617 2823 685 2900 quia
709 2829 738 2880 et
761 2821 885 2880 Diodori
909 2828 937 2878 et
948 2821 1097 2882 Plutarchi
1119 2820 1194 2880 fides

161 2940 307 3014 historica,
330 2947 362 3000 ut
384 2961 472 3019 supra
489 2940 627 3014 diximus,
649 2940 749 3001 multis
773 2941 861 3001 rebus
883 2941 985 3000 merito
1008 2939 1117 2999 incerta
1141 2948 1193 3000 est.

633 3127 661 3202 g.
687 3124 715 3188 6.

161 3255 271 3352 Quid
294 3259 452 3326 veteres
480 3255 531 3328 de
554 3257 828 3347 Xenophonte
854 3257 1190 3329 existimaverint.

246 3417 306 3476 Sed
329 3437 385 3476 non
409 3418 526 3497 scriptis
548 3425 659 3478 tantum
680 3396 890 3497 Xenophontis
920 3421 1012 3496 ipsius
1034 3403 1207 3478 auctoritas¹

159 3537 289 3615 fidesque
325 3538 387 3616 ejus
422 3546 518 3616 patet,
540 3558 625 3597 nemo
649 3539 765 3598 omniuo
787 3546 929 3612 veterum,
951 3538 1032 3616 quod
1055 3539 1192 3616 equidem

160 3657 265 3730 sciam,
293 3657 366 3735 quid
388 3657 578 3718 dubitationis
599 3659 698 3720 attulit
726 3659 762 3718 de
794 3659 876 3721 illius
902 3659 931 3718 in
954 3658 1099 3718 hamando
1121 3660 1193 3719 ints-

159 3775 292 3855 gritate,
325 3776 413 3836 immo
451 3777 600 3838 Lucienus
638 3779 872 3858 Xenophontem
900 3777 1032 3856 appellat
1064 3772 1196 3858 „distaida

230 3943 251 4010 1)
269 3945 303 3997 ot.
322 3943 482 4012 Dshlmenn,
500 3941 672 4013 &oriturum
690 3945 755 4016 1,p.
775 3943 815 3998 18.
