2992 4784
773 433 813 500 14

276 640 401 701 tinucvit
430 660 524 721 usque
551 643 590 702 od
618 663 651 703 ee
678 649 824 723 tempora,
859 644 966 724 quibua
1001 643 1102 704 Conon
1139 643 1311 722 profligatas

276 763 497 823 Atheniensium
521 783 568 823 res
590 765 690 844 aliqua
713 786 750 824 cx
773 774 854 844 parte
877 765 982 828 erexit.
995 762 1017 842 1)

362 882 452 964 Cujus
473 885 604 944 auctoris
626 905 715 963 opere
738 893 835 946 utrum
858 906 930 946 usus
953 886 992 944 eit
1006 885 1185 963 Xenophon,
1208 905 1309 958 necne,

275 1022 378 1080 perum
401 1003 505 1081 liquet.
550 1005 663 1064 Eodem
686 1007 775 1067 modo
797 1006 827 1065 in
850 1008 887 1065 iis
910 1004 1014 1078 robus,
1043 1023 1117 1084 quas
1148 1005 1184 1064 de
1208 1004 1311 1065 Sicilia

276 1133 496 1198 commemorat,
524 1125 665 1187 incertum
698 1135 754 1199 est,
785 1128 981 1188 Philistumne
1014 1126 1196 1198 adhibuerit,
1226 1126 1309 1205 cujus
1333 1197 1337 1204 ι

276 1243 398 1305 historia
421 1247 450 1304 in
473 1246 547 1306 dues
570 1254 668 1324 partes
691 1248 787 1307 divisa
807 1249 948 1326 perducta
968 1255 1013 1307 est
1027 1267 1120 1325 usque
1134 1246 1172 1306 ad
1187 1254 1310 1306 mortem

276 1366 412 1443 Dionysii
433 1367 553 1445 majoris
572 1365 632 1442 (Oi.
650 1365 780 1445 0111.)2)
803 1369 868 1428 Sat
883 1369 973 1446 igitur
988 1371 1136 1442 sententia,
1152 1368 1310 1445 plurimum

276 1487 332 1545 sibi
355 1487 412 1564 ipsi
436 1486 574 1547 debuisse
597 1490 834 1568 Xenophontem.

737 1683 739 1688 ·
772 1721 777 1733 .
805 1672 833 1735 3.

319 1789 379 1859 De
412 1789 583 1860 oonsilio
614 1791 657 1859 et
687 1673 844 1873 indole,
874 1786 1025 1880 quibus
1048 1791 1147 1860 Xon.
1172 1789 1266 1861 libri

591 1909 736 1998 scripti
764 1909 993 1981 videantur.

363 2087 435 2148 Cum
466 2089 670 2166 Thucydidem
702 2090 786 2167 quasi
824 2089 860 2147 de
890 2089 1008 2147 sublimi
1038 2090 1157 2168 specula
1189 2089 1311 2149 cruditis

276 2209 371 2268 oculis
396 2216 424 2266 et
446 2209 507 2267 eine
528 2209 662 2288 opinione
678 2217 865 2289 praesumpta
879 2229 928 2268 res
942 2211 1131 2288 contemplari
1148 2210 1310 2282 videamus,

275 2330 304 2388 in
325 2329 535 2408 Xenophontis
558 2329 641 2388 libris
672 2350 705 2389 ea
734 2330 822 2388 modo
846 2330 1014 2401 traduntur,
1046 2350 1120 2407 quae
1150 2331 1213 2408 ipse
1238 2331 1312 2389 vidit

275 2457 305 2508 ct
328 2457 465 2526 expertus
496 2458 541 2509 est
570 2450 599 2509 in
630 2450 790 2528 longinqua
822 2451 890 2512 vita.
944 2453 1069 2509 Tantum
1097 2458 1194 2510 autem
1217 2451 1310 2524 abest,

277 2578 309 2627 nt
331 2569 497 2629 interiorem
526 2591 621 2630 rerum
653 2591 815 2630 connexum
850 2591 965 2650 semper
996 2572 1192 2648 indagaverit,
1224 2581 1255 2630 ut
1281 2571 1311 2630 in

278 2691 411 2750 omnibus
435 2691 518 2749 libris
542 2692 603 2751 suis
627 2693 787 2751 honestatis
803 2699 912 2751 tantum
931 2693 1177 2752 commendandae
1193 2713 1311 2771 operam

277 2805 473 2888 navava·it‚³)

364 2930 479 3008 Quibus
510 2929 609 2989 verbis
640 2930 795 3008 significari
818 2931 951 3003 videtur,
980 2931 1208 3009 Xenophontem
1238 2931 1310 2990 nihil

276 3052 379 3123 minus,
403 3072 489 3130 quam
512 3053 740 3130 pragmaticum,
770 3071 857 3130 quarn
880 3052 995 3124 dicunt,
1020 3052 1192 3129 scriptorem
1213 3073 1310 3130 agere,

348 3204 367 3270 1)
387 3207 419 3256 cf.
438 3189 557 3272 Krueg'er
574 3207 603 3255 in
620 3207 698 3256 Dion.
718 3207 875 3271 Historiagr.
894 3221 918 3271 p.
939 3203 1002 3269 102,
1024 3201 1083 3269 261,
1102 3201 1125 3256 7.

345 3288 367 3355 2)
386 3293 419 3344 cf.
439 3293 533 3358 Heyne
552 3291 583 3341 de
602 3293 665 3342 font.
684 3291 738 3342 hist
765 3291 833 3341 Diod
860 3307 884 3356 p.
904 3288 946 3340 84.

344 3393 516 3460 ³)Mem.1.‚
541 3393 572 3459 2,
597 3391 627 3459 8,
645 3393 688 3460 48,
707 3392 750 3445 64.
786 3393 870 3445 Anah.
892 3394 936 3458 11.,
955 3391 980 3459 6,
999 3391 1040 3444 26.
1079 3394 1140 3458 [ΙΙ.,
1165 3393 1188 3459 1,
1207 3393 1249 3459 24,
1268 3393 1310 3459 37,

277 3479 320 3533 aa
345 3481 414 3545 vn,
433 3480 457 3544 7,
475 3478 519 3531 41.
555 3481 626 3531 nen.
646 3482 687 3545 v.,
705 3479 729 3545 3,
749 3478 774 3531 7.
869 3465 870 3470 ’

346 3567 426 3617 Recte
444 3568 528 3633 igitur
544 3568 688 3618 Oreuzerus
708 3564 773 3631 (biit.
793 3564 873 3630 diunit
891 3584 916 3633 p.
936 3565 998 3632 296)
1018 3567 1049 3616 de
1074 3565 1120 3616 illo
1138 3567 1176 3616 ita
1191 3566 1310 3631 judicat:

278 3654 346 3716 „Die
365 3653 512 3704 handclnde
530 3655 697 3704 Menschheit
715 3655 742 3703 in
762 3655 834 3703 einer
850 3655 980 3719 gewissen
997 3652 1241 3719 Mannigfaltigheit
1259 3670 1310 3704 von

277 3741 389 3790 Formen
407 3756 440 3790 nu
458 3742 560 3806 wigen,
578 3741 633 3789 und
651 3741 709 3790 eine
727 3755 818 3806 grosse
835 3741 924 3791 Messe
942 3757 995 3791 von
1013 3739 1310 3804 Staatsbegebenheiten

277 3843 329 3878 von
348 3826 406 3876 dem
424 3826 540 3877 hbheren
559 3825 743 3894 Standpunhte
762 3811 833 3878 einer
852 3826 914 3878 Idea
939 3825 1116 3878 darzustelien
1140 3825 1243 3878 scheint
1266 3827 1311 3877 der

278 3914 362 3964 Beruf
377 3912 463 3964 dieses
482 3913 646 3965 Historikcre
668 3929 790 3981 genesen
814 3930 848 3964 au
872 3912 956 3968 sein.“
993 3916 1027 3964 of.
1047 3912 1132 3967 Uinici
1150 3911 1167 3962 l.
1188 3913 1198 3963 l
1224 3931 1249 3980 p.
1267 3910 1312 3967 47.
