<?xml version="1.0" encoding="UTF-8"?>
<!DOCTYPE html PUBLIC "-//W3C//DTD XHTML 1.0 Transitional//EN"
    "http://www.w3.org/TR/xhtml1/DTD/xhtml1-transitional.dtd">
<html xmlns="http://www.w3.org/1999/xhtml" xml:lang="en" lang="en">
 <head>
  <title>
</title>
<meta http-equiv="Content-Type" content="text/html;charset=utf-8" />
  <meta name='ocr-system' content='tesseract 3.04.00' />
  <meta name='ocr-capabilities' content='ocr_page ocr_carea ocr_par ocr_line ocrx_word'/>
</head>
<body>
  <div class='ocr_page' id='page_1' title='image "./quaestionesxeno00brabgoog_0032.png"; bbox 0 0 2992 4784; ppageno 0'>
   <div class='ocr_carea' id='block_1_1' title="bbox 657 439 726 532">
    <p class='ocr_par' dir='ltr' id='par_1_1' title="bbox 657 439 726 532">
     <span class='ocr_line' id='line_1_1' title="bbox 657 439 726 532; baseline 0 -88"><span class='ocrx_word' id='word_1_1' title='bbox 657 465 705 532; x_wconf 71' lang='lat' dir='ltr'><strong>a:</strong></span> <span class='ocrx_word' id='word_1_2' title='bbox 725 439 726 444; x_wconf 12' lang='lat' dir='ltr'><strong>t</strong></span> 
     </span>
    </p>
   </div>
   <div class='ocr_carea' id='block_1_2' title="bbox 162 667 1195 998">
    <p class='ocr_par' dir='ltr' id='par_1_2' title="bbox 162 667 1195 998">
     <span class='ocr_line' id='line_1_2' title="bbox 162 667 1195 752; baseline -0.006 -12"><span class='ocrx_word' id='word_1_3' title='bbox 162 681 338 742; x_wconf 78' lang='lat' dir='ltr'><strong>Plutarchus</strong></span> <span class='ocrx_word' id='word_1_4' title='bbox 360 679 442 737; x_wconf 89' lang='lat' dir='ltr'><strong>illum</strong></span> <span class='ocrx_word' id='word_1_5' title='bbox 465 677 533 736; x_wconf 86' lang='lat' dir='ltr'><strong>ideo</strong></span> <span class='ocrx_word' id='word_1_6' title='bbox 555 677 620 737; x_wconf 88' lang='lat' dir='ltr'><strong>vari</strong></span> <span class='ocrx_word' id='word_1_7' title='bbox 641 697 698 737; x_wconf 85' lang='lat' dir='ltr'><strong>non</strong></span> <span class='ocrx_word' id='word_1_8' title='bbox 722 667 886 736; x_wconf 87' lang='lat' dir='ltr'><strong>studiosum</strong></span> <span class='ocrx_word' id='word_1_9' title='bbox 903 673 993 734; x_wconf 87' lang='lat' dir='ltr'><strong>fuisse</strong></span> <span class='ocrx_word' id='word_1_10' title='bbox 1013 679 1103 752; x_wconf 85' lang='lat' dir='ltr'><strong>putat,</strong></span> <span class='ocrx_word' id='word_1_11' title='bbox 1127 673 1195 752; x_wconf 89' lang='lat' dir='ltr'><strong>quia</strong></span> 
     </span>
     <span class='ocr_line' id='line_1_3' title="bbox 162 795 1195 876; baseline -0.008 -15"><span class='ocrx_word' id='word_1_12' title='bbox 162 798 460 860; x_wconf 78' lang='lat' dir='ltr'><strong>Lacedaemoniorum</strong></span> <span class='ocrx_word' id='word_1_13' title='bbox 482 799 629 876; x_wconf 89' lang='lat' dir='ltr'><strong>partibus,</strong></span> <span class='ocrx_word' id='word_1_14' title='bbox 659 795 833 876; x_wconf 89' lang='lat' dir='ltr'><strong>contemptis</strong></span> <span class='ocrx_word' id='word_1_15' title='bbox 855 795 1016 868; x_wconf 83' lang='lat' dir='ltr'><strong>Thebanis,</strong></span> <span class='ocrx_word' id='word_1_16' title='bbox 1047 795 1144 854; x_wconf 86' lang='lat' dir='ltr'><strong>favere</strong></span> <span class='ocrx_word' id='word_1_17' title='bbox 1168 795 1195 854; x_wconf 89' lang='lat' dir='ltr'><strong>ei</strong></span> 
     </span>
     <span class='ocr_line' id='line_1_4' title="bbox 162 915 1195 998; baseline -0.004 -19"><span class='ocrx_word' id='word_1_18' title='bbox 162 921 289 979; x_wconf 83' lang='lat' dir='ltr'><strong>videtur.</strong></span> <span class='ocrx_word' id='word_1_19' title='bbox 340 915 475 977; x_wconf 77' lang='lat' dir='ltr'><strong>(letarum</strong></span> <span class='ocrx_word' id='word_1_20' title='bbox 504 937 612 996; x_wconf 80' lang='lat' dir='ltr'><strong>nosque</strong></span> <span class='ocrx_word' id='word_1_21' title='bbox 637 917 765 990; x_wconf 77' lang='lat' dir='ltr'><strong>Ctesias,</strong></span> <span class='ocrx_word' id='word_1_22' title='bbox 796 936 890 995; x_wconf 87' lang='lat' dir='ltr'><strong>nequa</strong></span> <span class='ocrx_word' id='word_1_23' title='bbox 914 915 1071 987; x_wconf 89' lang='lat' dir='ltr'><strong>Diodorus,</strong></span> <span class='ocrx_word' id='word_1_24' title='bbox 1101 935 1195 998; x_wconf 83' lang='lat' dir='ltr'><strong>neque</strong></span> 
     </span>
    </p>
   </div>
   <div class='ocr_carea' id='block_1_3' title="bbox 162 1037 1196 1116">
    <p class='ocr_par' dir='ltr' id='par_1_3' title="bbox 162 1037 1196 1116">
     <span class='ocr_line' id='line_1_5' title="bbox 162 1037 1196 1116; baseline -0.004 -16"><span class='ocrx_word' id='word_1_25' title='bbox 162 1039 346 1112; x_wconf 87' lang='lat' dir='ltr'><strong>Plutarchus,</strong></span> <span class='ocrx_word' id='word_1_26' title='bbox 363 1038 555 1116; x_wconf 89' lang='lat' dir='ltr'><strong>undecunque</strong></span> <span class='ocrx_word' id='word_1_27' title='bbox 578 1037 623 1095; x_wconf 92' lang='lat' dir='ltr'><strong>illi</strong></span> <span class='ocrx_word' id='word_1_28' title='bbox 642 1039 808 1112; x_wconf 88' lang='lat' dir='ltr'><strong>hauserunt,</strong></span> <span class='ocrx_word' id='word_1_29' title='bbox 824 1037 948 1096; x_wconf 89' lang='lat' dir='ltr'><strong>multum</strong></span> <span class='ocrx_word' id='word_1_30' title='bbox 959 1056 976 1094; x_wconf 88' lang='lat' dir='ltr'><strong>a</strong></span> <span class='ocrx_word' id='word_1_31' title='bbox 987 1037 1196 1116; x_wconf 82' lang='lat' dir='ltr'><strong>Xenophontis</strong></span> 
     </span>
    </p>
   </div>
   <div class='ocr_carea' id='block_1_4' title="bbox 163 1131 1196 1231">
    <p class='ocr_par' dir='ltr' id='par_1_4' title="bbox 163 1131 1196 1231">
     <span class='ocr_line' id='line_1_6' title="bbox 163 1131 1196 1231; baseline -0.004 -14"><span class='ocrx_word' id='word_1_32' title='bbox 163 1157 295 1218; x_wconf 88' lang='lat' dir='ltr'><strong>Anabasi</strong></span> <span class='ocrx_word' id='word_1_33' title='bbox 328 1157 523 1231; x_wconf 89' lang='lat' dir='ltr'><strong>dissentiunt,</strong></span> <span class='ocrx_word' id='word_1_34' title='bbox 558 1157 583 1216; x_wconf 90' lang='lat' dir='ltr'><strong>si</strong></span> <span class='ocrx_word' id='word_1_35' title='bbox 612 1131 769 1218; x_wconf 83' lang='lat' dir='ltr'><strong>nonnullos</strong></span> <span class='ocrx_word' id='word_1_36' title='bbox 797 1157 880 1214; x_wconf 88' lang='lat' dir='ltr'><strong>locos</strong></span> <span class='ocrx_word' id='word_1_37' title='bbox 909 1155 939 1214; x_wconf 91' lang='lat' dir='ltr'><strong>in</strong></span> <span class='ocrx_word' id='word_1_38' title='bbox 962 1155 1196 1214; x_wconf 85' lang='lat' dir='ltr'><strong>Plutarchivita</strong></span> 
     </span>
    </p>
   </div>
   <div class='ocr_carea' id='block_1_5' title="bbox 138 1265 1198 3389">
    <p class='ocr_par' dir='ltr' id='par_1_5' title="bbox 161 1265 1196 1715">
     <span class='ocr_line' id='line_1_7' title="bbox 162 1265 1196 1353; baseline -0.004 -17"><span class='ocrx_word' id='word_1_39' title='bbox 162 1267 338 1336; x_wconf 72' lang='lat' dir='ltr'><strong>Artaaerxis</strong></span> <span class='ocrx_word' id='word_1_40' title='bbox 379 1276 541 1353; x_wconf 86' lang='lat' dir='ltr'><strong>exceperis.</strong></span> <span class='ocrx_word' id='word_1_41' title='bbox 580 1307 629 1344; x_wconf 49' lang='grc'><strong>,-</strong></span> <span class='ocrx_word' id='word_1_42' title='bbox 674 1275 853 1352; x_wconf 87' lang='lat' dir='ltr'><strong>Sophaeneti</strong></span> <span class='ocrx_word' id='word_1_43' title='bbox 897 1280 995 1332; x_wconf 88' lang='lat' dir='ltr'><strong>autem</strong></span> <span class='ocrx_word' id='word_1_44' title='bbox 1032 1265 1196 1351; x_wconf 63' lang='lat' dir='ltr'><strong>„trucidasse</strong></span> 
     </span>
     <span class='ocr_line' id='line_1_8' title="bbox 161 1388 1194 1476; baseline -0.004 -19"><span class='ocrx_word' id='word_1_45' title='bbox 161 1393 293 1475; x_wconf 80' lang='lat' dir='ltr'><strong>deou“‚</strong></span> <span class='ocrx_word' id='word_1_46' title='bbox 324 1415 398 1474; x_wconf 90' lang='lat' dir='ltr'><strong>quae</strong></span> <span class='ocrx_word' id='word_1_47' title='bbox 426 1417 444 1455; x_wconf 88' lang='lat' dir='ltr'><strong>a</strong></span> <span class='ocrx_word' id='word_1_48' title='bbox 477 1396 632 1476; x_wconf 23' lang='lat' dir='ltr'><strong>Stephano,</strong></span> <span class='ocrx_word' id='word_1_49' title='bbox 660 1397 803 1474; x_wconf 86' lang='lat' dir='ltr'><strong>Byzantio</strong></span> <span class='ocrx_word' id='word_1_50' title='bbox 841 1401 1084 1457; x_wconf 82' lang='lat' dir='ltr'><strong>commemoratur</strong></span> <span class='ocrx_word' id='word_1_51' title='bbox 1096 1388 1119 1470; x_wconf 90' lang='grc'><strong>1)</strong></span> <span class='ocrx_word' id='word_1_52' title='bbox 1156 1395 1194 1453; x_wconf 91' lang='lat' dir='ltr'><strong>ad</strong></span> 
     </span>
     <span class='ocr_line' id='line_1_9' title="bbox 162 1515 1194 1595; baseline -0.001 -19"><span class='ocrx_word' id='word_1_53' title='bbox 162 1524 292 1576; x_wconf 89' lang='lat' dir='ltr'><strong>nostrum</strong></span> <span class='ocrx_word' id='word_1_54' title='bbox 325 1524 442 1595; x_wconf 88' lang='lat' dir='ltr'><strong>tempus</strong></span> <span class='ocrx_word' id='word_1_55' title='bbox 475 1535 532 1576; x_wconf 91' lang='lat' dir='ltr'><strong>non</strong></span> <span class='ocrx_word' id='word_1_56' title='bbox 562 1517 711 1594; x_wconf 87' lang='lat' dir='ltr'><strong>pervenit,</strong></span> <span class='ocrx_word' id='word_1_57' title='bbox 746 1523 779 1574; x_wconf 85' lang='lat' dir='ltr'><strong>ut</strong></span> <span class='ocrx_word' id='word_1_58' title='bbox 811 1515 1006 1593; x_wconf 88' lang='lat' dir='ltr'><strong>comparando</strong></span> <span class='ocrx_word' id='word_1_59' title='bbox 1029 1515 1082 1574; x_wconf 91' lang='lat' dir='ltr'><strong>illo</strong></span> <span class='ocrx_word' id='word_1_60' title='bbox 1106 1535 1194 1594; x_wconf 86' lang='lat' dir='ltr'><strong>opere</strong></span> 
     </span>
     <span class='ocr_line' id='line_1_10' title="bbox 163 1629 1194 1715; baseline 0 -18"><span class='ocrx_word' id='word_1_61' title='bbox 163 1657 229 1698; x_wconf 91' lang='lat' dir='ltr'><strong>cum</strong></span> <span class='ocrx_word' id='word_1_62' title='bbox 259 1637 468 1715; x_wconf 80' lang='lat' dir='ltr'><strong>Xenophontis</strong></span> <span class='ocrx_word' id='word_1_63' title='bbox 498 1638 660 1696; x_wconf 85' lang='lat' dir='ltr'><strong>narratione</strong></span> <span class='ocrx_word' id='word_1_64' title='bbox 690 1656 794 1695; x_wconf 86' lang='lat' dir='ltr'><strong>verum</strong></span> <span class='ocrx_word' id='word_1_65' title='bbox 822 1635 970 1713; x_wconf 88' lang='lat' dir='ltr'><strong>possimus</strong></span> <span class='ocrx_word' id='word_1_66' title='bbox 993 1633 1148 1712; x_wconf 85' lang='lat' dir='ltr'><strong>explorare</strong></span> <span class='ocrx_word' id='word_1_67' title='bbox 1158 1629 1194 1714; x_wconf 78' lang='grc'><strong>2).</strong></span> 
     </span>
    </p>

    <p class='ocr_par' dir='ltr' id='par_1_6' title="bbox 138 1755 1198 3389">
     <span class='ocr_line' id='line_1_11' title="bbox 250 1755 1194 1834; baseline -0.005 -16"><span class='ocrx_word' id='word_1_68' title='bbox 250 1756 312 1818; x_wconf 84' lang='lat' dir='ltr'><strong>Alii</strong></span> <span class='ocrx_word' id='word_1_69' title='bbox 345 1755 526 1833; x_wconf 86' lang='lat' dir='ltr'><strong>scriptores,</strong></span> <span class='ocrx_word' id='word_1_70' title='bbox 546 1774 672 1834; x_wconf 87' lang='lat' dir='ltr'><strong>quorum</strong></span> <span class='ocrx_word' id='word_1_71' title='bbox 700 1775 789 1832; x_wconf 85' lang='lat' dir='ltr'><strong>opera</strong></span> <span class='ocrx_word' id='word_1_72' title='bbox 815 1760 940 1814; x_wconf 87' lang='lat' dir='ltr'><strong>aetatem</strong></span> <span class='ocrx_word' id='word_1_73' title='bbox 970 1773 1026 1812; x_wconf 90' lang='lat' dir='ltr'><strong>non</strong></span> <span class='ocrx_word' id='word_1_74' title='bbox 1056 1755 1194 1828; x_wconf 88' lang='lat' dir='ltr'><strong>tulerunt,</strong></span> 
     </span>
     <span class='ocr_line' id='line_1_12' title="bbox 161 1871 1195 1952; baseline -0.003 -17"><span class='ocrx_word' id='word_1_75' title='bbox 161 1877 278 1936; x_wconf 87' lang='lat' dir='ltr'><strong>fuerunt</strong></span> <span class='ocrx_word' id='word_1_76' title='bbox 307 1873 481 1952; x_wconf 79' lang='lat' dir='ltr'><strong>Cratippus,</strong></span> <span class='ocrx_word' id='word_1_77' title='bbox 512 1893 598 1952; x_wconf 90' lang='lat' dir='ltr'><strong>quem</strong></span> <span class='ocrx_word' id='word_1_78' title='bbox 624 1875 808 1952; x_wconf 85' lang='lat' dir='ltr'><strong>paragrapho</strong></span> <span class='ocrx_word' id='word_1_79' title='bbox 843 1871 971 1932; x_wconf 85' lang='lat' dir='ltr'><strong>secunda</strong></span> <span class='ocrx_word' id='word_1_80' title='bbox 1001 1874 1195 1932; x_wconf 87' lang='lat' dir='ltr'><strong>narrationem</strong></span> 
     </span>
     <span class='ocr_line' id='line_1_13' title="bbox 138 1977 1194 2074; baseline -0.002 -20"><span class='ocrx_word' id='word_1_81' title='bbox 138 1977 245 2054; x_wconf 38' lang='lat' dir='ltr'><strong>&#39;suam</strong></span> <span class='ocrx_word' id='word_1_82' title='bbox 272 1993 339 2053; x_wconf 89' lang='lat' dir='ltr'><strong>inde</strong></span> <span class='ocrx_word' id='word_1_83' title='bbox 368 2013 508 2052; x_wconf 85' lang='lat' dir='ltr'><strong>exorsum</strong></span> <span class='ocrx_word' id='word_1_84' title='bbox 546 2013 611 2054; x_wconf 87' lang='lat' dir='ltr'><strong>esse</strong></span> <span class='ocrx_word' id='word_1_85' title='bbox 644 1993 887 2067; x_wconf 80' lang='lat' dir='ltr'><strong>memoravimus,</strong></span> <span class='ocrx_word' id='word_1_86' title='bbox 919 1993 970 2052; x_wconf 92' lang='lat' dir='ltr'><strong>ubi</strong></span> <span class='ocrx_word' id='word_1_87' title='bbox 999 1993 1194 2074; x_wconf 83' lang='lat' dir='ltr'><strong>Thucydides</strong></span> 
     </span>
     <span class='ocr_line' id='line_1_14' title="bbox 162 2113 1194 2192; baseline 0 -19"><span class='ocrx_word' id='word_1_88' title='bbox 162 2113 349 2188; x_wconf 71' lang='lat' dir='ltr'><strong>substiterat,</strong></span> <span class='ocrx_word' id='word_1_89' title='bbox 373 2113 591 2191; x_wconf 82' lang='lat' dir='ltr'><strong>Theopompus,</strong></span> <span class='ocrx_word' id='word_1_90' title='bbox 615 2113 671 2190; x_wconf 83' lang='lat' dir='ltr'><strong>qui</strong></span> <span class='ocrx_word' id='word_1_91' title='bbox 687 2113 902 2191; x_wconf 84' lang='lat' dir='ltr'><strong>aThucydidei</strong></span> <span class='ocrx_word' id='word_1_92' title='bbox 918 2114 1016 2191; x_wconf 89' lang='lat' dir='ltr'><strong>operis</strong></span> <span class='ocrx_word' id='word_1_93' title='bbox 1030 2113 1084 2172; x_wconf 86' lang='lat' dir='ltr'><strong>fine</strong></span> <span class='ocrx_word' id='word_1_94' title='bbox 1100 2133 1194 2192; x_wconf 90' lang='lat' dir='ltr'><strong>usque</strong></span> 
     </span>
     <span class='ocr_line' id='line_1_15' title="bbox 162 2218 1196 2312; baseline 0.003 -20"><span class='ocrx_word' id='word_1_95' title='bbox 162 2233 200 2292; x_wconf 89' lang='lat' dir='ltr'><strong>ad</strong></span> <span class='ocrx_word' id='word_1_96' title='bbox 223 2253 351 2312; x_wconf 87' lang='lat' dir='ltr'><strong>pugnam</strong></span> <span class='ocrx_word' id='word_1_97' title='bbox 363 2231 496 2292; x_wconf 84' lang='lat' dir='ltr'><strong>Gnidiam</strong></span> <span class='ocrx_word' id='word_1_98' title='bbox 517 2251 565 2290; x_wconf 88' lang='lat' dir='ltr'><strong>res</strong></span> <span class='ocrx_word' id='word_1_99' title='bbox 580 2241 750 2310; x_wconf 89' lang='lat' dir='ltr'><strong>persecutus</strong></span> <span class='ocrx_word' id='word_1_100' title='bbox 767 2240 818 2305; x_wconf 89' lang='lat' dir='ltr'><strong>est,</strong></span> <span class='ocrx_word' id='word_1_101' title='bbox 840 2233 907 2307; x_wconf 88' lang='lat' dir='ltr'><strong>fide,</strong></span> <span class='ocrx_word' id='word_1_102' title='bbox 926 2218 1100 2310; x_wconf 71' lang='lat' dir='ltr'><strong>deligenda,</strong></span> <span class='ocrx_word' id='word_1_103' title='bbox 1123 2241 1196 2308; x_wconf 83' lang='lat' dir='ltr'><strong>arta,</strong></span> 
     </span>
     <span class='ocr_line' id='line_1_16' title="bbox 162 2349 1194 2433; baseline 0.002 -21"><span class='ocrx_word' id='word_1_104' title='bbox 162 2354 291 2412; x_wconf 88' lang='lat' dir='ltr'><strong>oratione</strong></span> <span class='ocrx_word' id='word_1_105' title='bbox 308 2349 588 2431; x_wconf 81' lang='lat' dir='ltr'><strong>spectatissimus3);</strong></span> <span class='ocrx_word' id='word_1_106' title='bbox 613 2351 816 2428; x_wconf 80' lang='lat' dir='ltr'><strong>Callisthenes,</strong></span> <span class='ocrx_word' id='word_1_107' title='bbox 833 2353 1005 2415; x_wconf 87' lang='lat' dir='ltr'><strong>Aristotelis</strong></span> <span class='ocrx_word' id='word_1_108' title='bbox 1022 2353 1194 2433; x_wconf 85' lang='lat' dir='ltr'><strong>discipulus,</strong></span> 
     </span>
     <span class='ocr_line' id='line_1_17' title="bbox 163 2471 1195 2551; baseline 0.002 -19"><span class='ocrx_word' id='word_1_109' title='bbox 163 2475 191 2532; x_wconf 90' lang='lat' dir='ltr'><strong>iu</strong></span> <span class='ocrx_word' id='word_1_110' title='bbox 214 2473 298 2551; x_wconf 83' lang='lat' dir='ltr'><strong>cujus</strong></span> <span class='ocrx_word' id='word_1_111' title='bbox 313 2471 477 2531; x_wconf 87' lang='lat' dir='ltr'><strong>Hellenicis</strong></span> <span class='ocrx_word' id='word_1_112' title='bbox 500 2471 588 2531; x_wconf 88' lang='lat' dir='ltr'><strong>dubia</strong></span> <span class='ocrx_word' id='word_1_113' title='bbox 611 2491 677 2530; x_wconf 86' lang='lat' dir='ltr'><strong>cum</strong></span> <span class='ocrx_word' id='word_1_114' title='bbox 697 2472 754 2532; x_wconf 87' lang='lat' dir='ltr'><strong>fide</strong></span> <span class='ocrx_word' id='word_1_115' title='bbox 769 2481 899 2532; x_wconf 85' lang='lat' dir='ltr'><strong>narratae</strong></span> <span class='ocrx_word' id='word_1_116' title='bbox 916 2481 997 2534; x_wconf 86' lang='lat' dir='ltr'><strong>erant</strong></span> <span class='ocrx_word' id='word_1_117' title='bbox 1015 2493 1063 2532; x_wconf 79' lang='lat' dir='ltr'><strong>ras</strong></span> <span class='ocrx_word' id='word_1_118' title='bbox 1084 2494 1101 2532; x_wconf 92' lang='lat' dir='ltr'><strong>a</strong></span> <span class='ocrx_word' id='word_1_119' title='bbox 1124 2494 1195 2551; x_wconf 89' lang='lat' dir='ltr'><strong>pace</strong></span> 
     </span>
     <span class='ocr_line' id='line_1_18' title="bbox 162 2590 1196 2670; baseline 0 -19"><span class='ocrx_word' id='word_1_120' title='bbox 162 2590 336 2651; x_wconf 86' lang='lat' dir='ltr'><strong>Antalcidas</strong></span> <span class='ocrx_word' id='word_1_121' title='bbox 359 2610 454 2668; x_wconf 87' lang='lat' dir='ltr'><strong>usque</strong></span> <span class='ocrx_word' id='word_1_122' title='bbox 469 2590 508 2649; x_wconf 90' lang='lat' dir='ltr'><strong>ad</strong></span> <span class='ocrx_word' id='word_1_123' title='bbox 523 2591 664 2670; x_wconf 90' lang='lat' dir='ltr'><strong>templum</strong></span> <span class='ocrx_word' id='word_1_124' title='bbox 677 2592 853 2670; x_wconf 90' lang='lat' dir='ltr'><strong>Delphicum</strong></span> <span class='ocrx_word' id='word_1_125' title='bbox 867 2612 885 2650; x_wconf 87' lang='lat' dir='ltr'><strong>a</strong></span> <span class='ocrx_word' id='word_1_126' title='bbox 897 2593 1063 2652; x_wconf 90' lang='lat' dir='ltr'><strong>Philomelo</strong></span> <span class='ocrx_word' id='word_1_127' title='bbox 1079 2599 1196 2670; x_wconf 85' lang='lat' dir='ltr'><strong>captum</strong></span> 
     </span>
     <span class='ocr_line' id='line_1_19' title="bbox 161 2707 1197 2791; baseline 0.002 -21"><span class='ocrx_word' id='word_1_128' title='bbox 161 2707 314 2791; x_wconf 83' lang='lat' dir='ltr'><strong>gestae4);</strong></span> <span class='ocrx_word' id='word_1_129' title='bbox 349 2712 547 2771; x_wconf 86' lang='lat' dir='ltr'><strong>Anaximenes</strong></span> <span class='ocrx_word' id='word_1_130' title='bbox 570 2712 809 2789; x_wconf 79' lang='lat' dir='ltr'><strong>Lampsacenus,</strong></span> <span class='ocrx_word' id='word_1_131' title='bbox 839 2713 990 2772; x_wconf 87' lang='lat' dir='ltr'><strong>historiam</strong></span> <span class='ocrx_word' id='word_1_132' title='bbox 1013 2711 1197 2773; x_wconf 85' lang='lat' dir='ltr'><strong>Graecama</strong></span> 
     </span>
     <span class='ocr_line' id='line_1_20' title="bbox 162 2830 1196 2911; baseline 0.004 -22"><span class='ocrx_word' id='word_1_133' title='bbox 162 2830 330 2909; x_wconf 90' lang='lat' dir='ltr'><strong>primordiis</strong></span> <span class='ocrx_word' id='word_1_134' title='bbox 353 2831 391 2890; x_wconf 92' lang='lat' dir='ltr'><strong>ad</strong></span> <span class='ocrx_word' id='word_1_135' title='bbox 413 2851 540 2910; x_wconf 84' lang='lat' dir='ltr'><strong>pugnam</strong></span> <span class='ocrx_word' id='word_1_136' title='bbox 572 2831 803 2891; x_wconf 86' lang='lat' dir='ltr'><strong>Mantinaensem</strong></span> <span class='ocrx_word' id='word_1_137' title='bbox 837 2851 974 2892; x_wconf 88' lang='lat' dir='ltr'><strong>enarrans</strong></span> <span class='ocrx_word' id='word_1_138' title='bbox 983 2830 1023 2909; x_wconf 84' lang='lat'><strong>5);</strong></span> <span class='ocrx_word' id='word_1_139' title='bbox 1057 2830 1196 2911; x_wconf 82' lang='lat' dir='ltr'><strong>Ephorus</strong></span> 
     </span>
     <span class='ocr_line' id='line_1_21' title="bbox 164 2949 1197 3032; baseline 0.003 -22"><span class='ocrx_word' id='word_1_140' title='bbox 164 2949 333 3032; x_wconf 74' lang='lat' dir='ltr'><strong>(lamneus,</strong></span> <span class='ocrx_word' id='word_1_141' title='bbox 365 2951 416 3028; x_wconf 90' lang='lat' dir='ltr'><strong>qui</strong></span> <span class='ocrx_word' id='word_1_142' title='bbox 448 2969 495 3008; x_wconf 89' lang='lat' dir='ltr'><strong>res</strong></span> <span class='ocrx_word' id='word_1_143' title='bbox 529 2957 558 3008; x_wconf 90' lang='lat' dir='ltr'><strong>et</strong></span> <span class='ocrx_word' id='word_1_144' title='bbox 588 2949 769 3012; x_wconf 82' lang='lat' dir='ltr'><strong>Graecorum</strong></span> <span class='ocrx_word' id='word_1_145' title='bbox 801 2959 830 3011; x_wconf 87' lang='lat' dir='ltr'><strong>et</strong></span> <span class='ocrx_word' id='word_1_146' title='bbox 855 2953 1045 3012; x_wconf 85' lang='lat' dir='ltr'><strong>barbarorum</strong></span> <span class='ocrx_word' id='word_1_147' title='bbox 1067 2953 1135 3012; x_wconf 87' lang='lat' dir='ltr'><strong>inde</strong></span> <span class='ocrx_word' id='word_1_148' title='bbox 1159 2954 1197 3013; x_wconf 91' lang='lat' dir='ltr'><strong>ab</strong></span> 
     </span>
     <span class='ocr_line' id='line_1_22' title="bbox 164 3045 1198 3150; baseline 0.006 -22"><span class='ocrx_word' id='word_1_149' title='bbox 164 3069 388 3130; x_wconf 85' lang='lat' dir='ltr'><strong>Heraclidarum</strong></span> <span class='ocrx_word' id='word_1_150' title='bbox 410 3069 505 3128; x_wconf 86' lang='lat' dir='ltr'><strong>reditu</strong></span> <span class='ocrx_word' id='word_1_151' title='bbox 529 3071 683 3150; x_wconf 86' lang='lat' dir='ltr'><strong>usquead</strong></span> <span class='ocrx_word' id='word_1_152' title='bbox 712 3091 841 3150; x_wconf 87' lang='lat' dir='ltr'><strong>pugnam</strong></span> <span class='ocrx_word' id='word_1_153' title='bbox 863 3045 1115 3132; x_wconf 21' lang='lat' dir='ltr'><strong>Cha—eroneensem</strong></span> <span class='ocrx_word' id='word_1_154' title='bbox 1138 3095 1198 3134; x_wconf 89' lang='lat' dir='ltr'><strong>uno</strong></span> 
     </span>
     <span class='ocr_line' id='line_1_23' title="bbox 163 3188 1198 3270; baseline 0.007 -24"><span class='ocrx_word' id='word_1_155' title='bbox 163 3189 311 3248; x_wconf 87' lang='lat' dir='ltr'><strong>volumine</strong></span> <span class='ocrx_word' id='word_1_156' title='bbox 346 3188 518 3266; x_wconf 84' lang='lat' dir='ltr'><strong>complexus</strong></span> <span class='ocrx_word' id='word_1_157' title='bbox 553 3196 616 3262; x_wconf 91' lang='lat' dir='ltr'><strong>est,</strong></span> <span class='ocrx_word' id='word_1_158' title='bbox 649 3198 770 3268; x_wconf 84' lang='lat' dir='ltr'><strong>propter</strong></span> <span class='ocrx_word' id='word_1_159' title='bbox 799 3191 929 3270; x_wconf 87' lang='lat' dir='ltr'><strong>linguam</strong></span> <span class='ocrx_word' id='word_1_160' title='bbox 959 3193 1134 3252; x_wconf 82' lang='lat' dir='ltr'><strong>rhetoricam</strong></span> <span class='ocrx_word' id='word_1_161' title='bbox 1163 3215 1198 3253; x_wconf 89' lang='lat' dir='ltr'><strong>ac</strong></span> 
     </span>
     <span class='ocr_line' id='line_1_24' title="bbox 163 3308 1198 3389; baseline 0.007 -23"><span class='ocrx_word' id='word_1_162' title='bbox 163 3308 404 3381; x_wconf 84' lang='lat' dir='ltr'><strong>florentissimam,</strong></span> <span class='ocrx_word' id='word_1_163' title='bbox 417 3313 536 3386; x_wconf 88' lang='lat' dir='ltr'><strong>propter</strong></span> <span class='ocrx_word' id='word_1_164' title='bbox 544 3309 679 3369; x_wconf 88' lang='lat' dir='ltr'><strong>ordinem</strong></span> <span class='ocrx_word' id='word_1_165' title='bbox 690 3318 854 3389; x_wconf 88' lang='lat' dir='ltr'><strong>temporum</strong></span> <span class='ocrx_word' id='word_1_166' title='bbox 866 3312 971 3371; x_wconf 88' lang='lat' dir='ltr'><strong>rationi</strong></span> <span class='ocrx_word' id='word_1_167' title='bbox 980 3313 1198 3373; x_wconf 87' lang='lat' dir='ltr'><strong>convenientem</strong></span> 
     </span>
    </p>
   </div>
   <div class='ocr_carea' id='block_1_6' title="bbox 163 3428 1199 3511">
    <p class='ocr_par' dir='ltr' id='par_1_7' title="bbox 163 3428 1199 3511">
     <span class='ocr_line' id='line_1_25' title="bbox 163 3428 1199 3511; baseline 0.004 -23"><span class='ocrx_word' id='word_1_168' title='bbox 163 3437 324 3488; x_wconf 86' lang='lat' dir='ltr'><strong>memoratu</strong></span> <span class='ocrx_word' id='word_1_169' title='bbox 355 3428 545 3508; x_wconf 85' lang='lat' dir='ltr'><strong>dignissimus</strong></span> <span class='ocrx_word' id='word_1_170' title='bbox 578 3438 607 3490; x_wconf 88' lang='lat' dir='ltr'><strong>et</strong></span> <span class='ocrx_word' id='word_1_171' title='bbox 633 3439 754 3510; x_wconf 85' lang='lat' dir='ltr'><strong>propter</strong></span> <span class='ocrx_word' id='word_1_172' title='bbox 781 3432 868 3492; x_wconf 87' lang='lat' dir='ltr'><strong>fidem</strong></span> <span class='ocrx_word' id='word_1_173' title='bbox 898 3433 928 3490; x_wconf 90' lang='lat' dir='ltr'><strong>in</strong></span> <span class='ocrx_word' id='word_1_174' title='bbox 959 3433 1077 3511; x_wconf 89' lang='lat' dir='ltr'><strong>optimis</strong></span> <span class='ocrx_word' id='word_1_175' title='bbox 1100 3453 1199 3494; x_wconf 89' lang='lat' dir='ltr'><strong>rerum</strong></span> 
     </span>
    </p>
   </div>
   <div class='ocr_carea' id='block_1_7' title="bbox 177 3599 1197 4011">
    <p class='ocr_par' dir='ltr' id='par_1_8' title="bbox 177 3599 1197 4011">
     <span class='ocr_line' id='line_1_26' title="bbox 234 3599 800 3668; baseline 0 -16"><span class='ocrx_word' id='word_1_176' title='bbox 234 3601 253 3667; x_wconf 91' lang='lat'><strong>1)</strong></span> <span class='ocrx_word' id='word_1_177' title='bbox 272 3603 305 3656; x_wconf 83' lang='lat' dir='ltr'><strong>ot.</strong></span> <span class='ocrx_word' id='word_1_178' title='bbox 324 3603 436 3654; x_wconf 84' lang='lat' dir='ltr'><strong>Vossius</strong></span> <span class='ocrx_word' id='word_1_179' title='bbox 455 3601 566 3653; x_wconf 86' lang='lat' dir='ltr'><strong>debiat.</strong></span> <span class='ocrx_word' id='word_1_180' title='bbox 585 3603 677 3654; x_wconf 80' lang='lat' dir='ltr'><strong>Graec.</strong></span> <span class='ocrx_word' id='word_1_181' title='bbox 697 3619 721 3668; x_wconf 91' lang='lat' dir='ltr'><strong>p.</strong></span> <span class='ocrx_word' id='word_1_182' title='bbox 741 3599 800 3652; x_wconf 88' lang='grc'>414.</span> 
     </span>
     <span class='ocr_line' id='line_1_27' title="bbox 232 3686 802 3754; baseline 0 -16"><span class='ocrx_word' id='word_1_183' title='bbox 232 3686 253 3752; x_wconf 76' lang='lat'><strong>2)</strong></span> <span class='ocrx_word' id='word_1_184' title='bbox 272 3689 306 3738; x_wconf 79' lang='lat' dir='ltr'><strong>cf.</strong></span> <span class='ocrx_word' id='word_1_185' title='bbox 327 3689 436 3740; x_wconf 84' lang='lat' dir='ltr'><strong>Weiske</strong></span> <span class='ocrx_word' id='word_1_186' title='bbox 453 3689 471 3739; x_wconf 94' lang='lat' dir='ltr'><strong>l.</strong></span> <span class='ocrx_word' id='word_1_187' title='bbox 490 3688 507 3738; x_wconf 94' lang='lat' dir='ltr'><strong>l.</strong></span> <span class='ocrx_word' id='word_1_188' title='bbox 526 3688 574 3738; x_wconf 87' lang='grc' dir='ltr'>ΙΙΙ.</span> <span class='ocrx_word' id='word_1_189' title='bbox 594 3703 619 3754; x_wconf 86' lang='lat' dir='ltr'><strong>p.</strong></span> <span class='ocrx_word' id='word_1_190' title='bbox 638 3689 727 3738; x_wconf 85' lang='lat' dir='ltr'>XXII.</span> <span class='ocrx_word' id='word_1_191' title='bbox 800 3719 802 3724; x_wconf 94' lang='lat'>·</span> 
     </span>
     <span class='ocr_line' id='line_1_28' title="bbox 231 3771 1197 3840; baseline 0.002 -16"><span class='ocrx_word' id='word_1_192' title='bbox 231 3772 253 3837; x_wconf 79' lang='lat'><strong>³)</strong></span> <span class='ocrx_word' id='word_1_193' title='bbox 272 3775 305 3824; x_wconf 86' lang='lat' dir='ltr'><strong>cf.</strong></span> <span class='ocrx_word' id='word_1_194' title='bbox 324 3774 419 3840; x_wconf 85' lang='lat' dir='ltr'><strong>Pflugh</strong></span> <span class='ocrx_word' id='word_1_195' title='bbox 429 3773 461 3823; x_wconf 88' lang='lat' dir='ltr'><strong>de</strong></span> <span class='ocrx_word' id='word_1_196' title='bbox 469 3771 567 3824; x_wconf 85' lang='lat' dir='ltr'><strong>Theod.</strong></span> <span class='ocrx_word' id='word_1_197' title='bbox 577 3775 625 3824; x_wconf 84' lang='lat' dir='ltr'><strong>vit.</strong></span> <span class='ocrx_word' id='word_1_198' title='bbox 636 3779 662 3823; x_wconf 83' lang='lat' dir='ltr'><strong>et</strong></span> <span class='ocrx_word' id='word_1_199' title='bbox 671 3775 761 3839; x_wconf 81' lang='lat' dir='ltr'><strong>script.</strong></span> <span class='ocrx_word' id='word_1_200' title='bbox 771 3774 857 3826; x_wconf 83' lang='lat' dir='ltr'><strong>Heius</strong></span> <span class='ocrx_word' id='word_1_201' title='bbox 867 3773 900 3826; x_wconf 89' lang='lat' dir='ltr'><strong>da</strong></span> <span class='ocrx_word' id='word_1_202' title='bbox 909 3774 1027 3827; x_wconf 81' lang='lat' dir='ltr'><strong>fontibus</strong></span> <span class='ocrx_word' id='word_1_203' title='bbox 1034 3774 1112 3826; x_wconf 79' lang='lat' dir='ltr'><strong>Diod.</strong></span> <span class='ocrx_word' id='word_1_204' title='bbox 1121 3790 1146 3840; x_wconf 88' lang='lat' dir='ltr'><strong>p.</strong></span> <span class='ocrx_word' id='word_1_205' title='bbox 1155 3772 1197 3826; x_wconf 80' lang='lat'><strong>82.</strong></span> 
     </span>
     <span class='ocr_line' id='line_1_29' title="bbox 232 3856 614 3923; baseline 0.008 -15"><span class='ocrx_word' id='word_1_206' title='bbox 232 3856 255 3923; x_wconf 74' lang='lat'><strong>4)</strong></span> <span class='ocrx_word' id='word_1_207' title='bbox 273 3861 308 3910; x_wconf 82' lang='lat' dir='ltr'><strong>ct.</strong></span> <span class='ocrx_word' id='word_1_208' title='bbox 326 3859 403 3910; x_wconf 86' lang='lat' dir='ltr'><strong>Diod.</strong></span> <span class='ocrx_word' id='word_1_209' title='bbox 421 3859 492 3909; x_wconf 84' lang='lat' dir='ltr'><strong>xlv.</strong></span> <span class='ocrx_word' id='word_1_210' title='bbox 511 3873 535 3910; x_wconf 87' lang='lat' dir='ltr'><strong>o.</strong></span> <span class='ocrx_word' id='word_1_211' title='bbox 556 3856 614 3911; x_wconf 74' lang='lat'><strong>117.</strong></span> 
     </span>
     <span class='ocr_line' id='line_1_30' title="bbox 177 3941 590 4011; baseline -0.002 -14"><span class='ocrx_word' id='word_1_212' title='bbox 177 3967 183 3984; x_wconf 50' lang='grc' dir='ltr'><em>ι</em></span> <span class='ocrx_word' id='word_1_213' title='bbox 232 3942 254 4011; x_wconf 79' lang='lat'><strong>⁵)</strong></span> <span class='ocrx_word' id='word_1_214' title='bbox 272 3947 306 3998; x_wconf 82' lang='lat' dir='ltr'><strong>cf.</strong></span> <span class='ocrx_word' id='word_1_215' title='bbox 327 3943 404 3997; x_wconf 82' lang='lat' dir='ltr'><strong>Diod.</strong></span> <span class='ocrx_word' id='word_1_216' title='bbox 422 3943 489 4011; x_wconf 69' lang='lat' dir='ltr'><strong>XV,</strong></span> <span class='ocrx_word' id='word_1_217' title='bbox 506 3956 530 3997; x_wconf 82' lang='lat' dir='ltr'><strong>c.</strong></span> <span class='ocrx_word' id='word_1_218' title='bbox 548 3941 590 3996; x_wconf 81' lang='grc'><strong>89.</strong></span> 
     </span>
    </p>
   </div>
   <div class='ocr_carea' id='block_1_8' title="bbox 0 0 1504 4784">
    <p class='ocr_par' dir='ltr' id='par_1_9' title="bbox 0 0 1504 4784">
     <span class='ocr_line' id='line_1_31' title="bbox 0 0 1504 4784; baseline 0 0"><span class='ocrx_word' id='word_1_219' title='bbox 0 0 1504 4784; x_wconf 95' lang='lat' dir='ltr'><strong> </strong></span> 
     </span>
    </p>
   </div>
  </div>
 </body>
</html>
