2992 4784
787 453 831 521 30

295 657 486 744 συγγραφέα“
502 659 551 745 (of.
568 663 596 740 ὅ.
613 657 646 740 4)
665 673 695 726 et
712 667 888 726 Plutarchus
899 659 923 745 ¹)
946 687 1012 727 eum
1036 665 1108 726 dicit
1129 657 1254 743 „uirilem
1275 659 1327 728 καὶ

294 775 457 864 συντόμως,
481 777 534 844 ἅτε
556 778 593 864 δὴ
617 778 657 864 μὴ
679 779 813 863 παρόντα
836 777 956 846 εἷπεῖν.“
1344 787 1348 794 ’

380 906 419 964 Et
437 905 498 983 jam
520 911 641 982 propter
663 903 810 964 scribendi
825 923 928 982 genus,
952 907 1097 966 communi
1113 907 1323 990 consuetudins

294 1031 351 1083 tam
374 1023 612 1097 accomodatum,
642 1023 742 1082 nullus
772 1025 898 1102 scriptor
927 1025 1018 1102 vulgo
1041 1025 1134 1102 magis
1157 1025 1186 1084 in
1210 1025 1325 1085 deliciis

294 1145 363 1218 fuit,
393 1165 479 1222 quam
502 1145 688 1224 Xenophon,
717 1146 756 1203 ita
785 1151 818 1203 ut
847 1145 951 1204 summi
981 1144 1069 1204 infimi
1099 1165 1165 1204 oum
1188 1145 1325 1223 quemad-

295 1265 414 1324 modum
442 1283 537 1343 nuper
564 1264 644 1342 apud
670 1283 723 1324 nos
747 1261 913 1324 Gellertum
936 1261 1142 1340 lectitarent2).
1189 1265 1290 1324 Cicero
1300 1261 1325 1342 ³)

295 1383 414 1461 quidam
436 1383 538 1442 laudat
549 1383 758 1460 Xenophontis
780 1383 809 1442 in
825 1381 967 1442 narrando
982 1383 1071 1442 animi
1086 1383 1326 1461 tranquillitatem

295 1523 361 1564 eum
393 1503 581 1564 Callisthenis
610 1502 715 1563 ardore
746 1503 891 1562 rhetorico
927 1509 1141 1581 comparatam,
1170 1503 1225 1563 ita:
1260 1503 1326 1575 „hie

295 1616 519 1702 (Callisthenes)
543 1622 661 1701 quidem
685 1623 831 1682 rhetorico
846 1642 938 1699 paene
954 1642 1043 1693 more,
1067 1622 1119 1681 ille
1132 1607 1327 1701 (Xenophon)

294 1751 390 1803 autem
414 1743 547 1820 superior
569 1741 679 1800 leniore
702 1742 829 1819 quodam
853 1760 924 1800 sono
949 1750 995 1800 est
1026 1761 1097 1800 usus
1119 1749 1149 1800 'et
1171 1744 1220 1820 qui
1242 1743 1327 1802 illum

296 1866 434 1941 impetum
457 1863 580 1922 oratoris
603 1881 660 1921 non
684 1860 796 1934 habeat,
820 1862 978 1920 vehemens
1000 1862 1123 1920 fortasse
1147 1862 1251 1936 minus,
1275 1862 1327 1921 sed

295 1984 443 2061 aliquanto
466 1990 561 2040 tamen
585 1988 683 2041 estut
705 1981 774 2040 mihi
798 1981 917 2059 quidem
939 1981 1055 2040 videtur
1076 1981 1219 2041 dulcior.“
1256 1983 1327 2041 Alio

295 2099 397 2183 10004)
421 2103 527 2176 „melle
551 2102 928 2180 dulcioremXenophontis
952 2121 1016 2162 esse
1033 2122 1196 2162 sermonem
1213 2114 1242 2164 et
1264 2106 1327 2183 ejus

295 2243 368 2283 voce
402 2223 505 2284 Musas
538 2223 622 2300 qussi
656 2224 771 2282 locutas
805 2222 889 2282 esse“
920 2221 1048 2302 judicat3
1083 2231 1112 2282 et
1141 2224 1170 2283 in
1201 2225 1328 2302 epistole

296 2342 420 2421 quadam
452 2341 491 2400 ad
521 2343 643 2400 Paetum
666 2342 749 2416 date,
778 2339 878 2420 Κΰρου
899 2335 1032 2402 παιδείαν
1056 2343 1182 2420 legendo
1205 2361 1237 2402 se
1260 2363 1327 2403 con·

295 2463 412 2522 trivisse
425 2462 539 2521 fatetur.
574 2460 755 2538 Quibuscum
768 2462 900 2521 conferes
916 2462 1005 2521 velim
1022 2462 1124 2521 laudes
1136 2463 1328 2542 Xenophonti

296 2581 419 2641 tributas
441 2602 458 2640 a
482 2579 621 2640 Cicerone
644 2581 673 2639 in
694 2581 755 2641 cat.
770 2581 841 2660 Maj.
866 2601 929 2660 esp.
952 2582 1057 2680 XVII.
1077 2615 1116 2625 -
1130 2584 1327 2660 Quintilianus

296 2708 408 2773 sutem,
439 2695 541 2759 acutus
571 2699 622 2758 ille
646 2699 824 2760 Graecorum
853 2707 883 2758 et
911 2701 1109 2760 Romanorum
1141 2703 1328 2778 existimator,

213 2871 216 2876 .
297 2820 397 2898 quanti
418 2819 647 2910 Xenophontem
669 2820 874 2892 aestimaverit,
897 2840 936 2878 ex
964 2839 998 2879 eo
1026 2827 1156 2898 apparet,
1179 2820 1277 2898 „quod
1300 2823 1328 2880 ei

297 2939 377 3017 ipsas
393 2937 508 2998 Gratias
525 2958 687 2997 sermonem
702 2938 822 2998 finxisse
837 2938 950 2998 videri“
966 2938 1037 2997 dicit
1044 2932 1079 3017 ⁵),
1102 2948 1131 3000 ot
1153 2941 1232 3018 quod
1254 2931 1330 2999 illud

297 3059 334 3117 de
364 3058 479 3118 Pericle
512 3057 713 3136 praedicatum
752 3058 782 3116 in
814 3059 1044 3136 Xenophontem
1081 3060 1236 3118 transferre
1273 3080 1330 3118 non

298 3178 431 3250 dubitat,
465 3177 513 3251 „in
546 3177 637 3237 labris
658 3178 771 3238 sedisse
806 3179 951 3256 quandam
984 3179 1180 3257 persuadendi
1218 3180 1331 3241 deam.“

299 3296 460 3374 Dionysius
498 3297 766 3356 Halicarnassensis
811 3298 859 3370 „in
896 3298 1021 3375 epistola
1062 3299 1101 3357 sd
1137 3298 1329 3378 Pompojum“

298 3417 526 3494 Xenophontem
549 3417 679 3476 nominat
701 3409 855 3493 ,,καθαρὸν
879 3407 979 3476 δὲκαὶ
1000 3408 1170 3496 εὖκρινέα“;
1188 3425 1216 3476 et
1229 3418 1331 3494 Appu-

370 3585 389 3650 1)
408 3587 461 3636 vit.
480 3590 572 3636 Artax.
591 3601 613 3635 e.
633 3583 658 3634 9.

333 3712 335 3718 .
367 3671 389 3736 2)
407 3674 440 3722 ef.
462 3673 570 3724 Weiske
588 3673 608 3736 1,
627 3688 651 3737 p.
671 3671 784 3722 LXVlII

367 3755 390 3822 8)
408 3758 448 3807 De
467 3757 532 3808 Orat
558 3758 593 3821 ll,
611 3755 635 3806 4,

368 3839 391 3906 4)
410 3842 481 3893 Orat.
495 3828 526 3906 9,
546 3839 587 3891 19.

368 3924 494 3997 ⁵)1mtit.
514 3926 587 3980 Orat.
606 3925 640 3992 X,
660 3923 745 3996 1,·82.
