2992 4784
809 405 849 476 16

398 623 495 699 Quare
526 619 630 680 mirum
652 639 710 680 non
733 627 793 694 cst,
816 619 937 699 quoda
960 621 1064 680 morali
1092 621 1144 680 illa
1174 642 1228 700 per
1253 629 1345 684 totam

310 741 519 822 Xenophontis
548 741 639 801 vitam
669 749 796 821 spectata
826 743 926 802 indole
956 763 992 802 no
1023 742 1052 800 in
1080 742 1202 802 historia
1225 743 1343 821 quidem

312 861 466 921 scribenda
489 859 654 922 desciverit.
700 860 749 936 (cf.
773 860 801 936 ξ.
830 859 867 938 i).

397 981 554 1041 Profitetur
583 983 660 1041 enirn
691 984 754 1061 ipse
782 981 876 1056 (Hell.
907 983 995 1058 vlt,
1026 979 1055 1056 2,
1091 977 1136 1066 l):
1165 976 1265 1060 ,nith
1286 977 1344 1062 γὰρ

296 1104 370 1164 ,ταῖν
394 1096 444 1181 μὲν
468 1101 602 1181 persicis
624 1097 762 1178 πόλεων,
785 1097 860 1164 εἴτι
881 1097 973 1164 καλὸν
1004 1099 1134 1183 ἔπραξαν
1165 1097 1292 1172 ἅπαντες
1315 1097 1344 1180 oi

312 1224 489 1304 συγγραφεῖς
511 1217 668 1303 μέμνηνται
690 1216 753 1303 ἐμοὶ
775 1217 809 1284 δὲ
838 1221 921 1286 δοκεῖ
947 1217 997 1285 καὶ
1026 1219 1058 1284 εἴ
1076 1243 1120 1293 τις
1148 1217 1238 1304 μικρὰ
1258 1217 1344 1292 πόλις

312 1336 387 1404 orlon
408 1337 508 1405 πολλὰ
529 1336 578 1404 καὶ
599 1336 679 1404 καλὰ
708 1339 781 1423 ἔργα
811 1337 1024 1424 διαπέπρακται
1054 1339 1098 1404 ἔτι
1125 1343 1238 1423 μᾶλλον
1263 1340 1342 1412 ἄξων

311 1455 383 1524 εἶναι
407 1457 610 1543 ἄποφαίνειν.“

398 1585 513 1645 Deinde
542 1587 579 1645 sd
613 1586 729 1664 singula
754 1606 843 1665 opera
865 1586 1005 1646 historica
1029 1587 1054 1646 si
1078 1586 1293 1659 descendimus,
1316 1585 1346 1644 in

312 1703 441 1765 Anabasi
465 1706 584 1784 quidem
608 1707 815 1766 conscribenda
830 1707 1060 1786 Xenophontem
1083 1707 1113 1765 id
1138 1727 1255 1785 quoque
1278 1726 1346 1765 con·

312 1830 443 1882 secutum
488 1844 553 1884 esse
599 1825 741 1903 suspicari
775 1826 864 1898 licat,
905 1833 939 1884 ut
971 1847 1004 1885 ea
1038 1827 1076 1885 sit
1109 1828 1343 1904 supplementum

311 1945 483 2004 narrationis
505 1967 522 2004 a
546 1943 642 2004 Ctesia
665 1947 746 2025 prius
769 1946 926 2007 institutae.
951 1947 1003 2005 ¹Id
1026 1947 1102 2006 effici
1131 1947 1247 2007 videtur
1277 1947 1344 2006 loco

230 2103 232 2107 -
312 2066 345 2140 L,
367 2061 399 2139 ¹8,
424 2062 474 2139 26,
498 2066 549 2125 ubi
571 2086 639 2140 cos,
671 2068 721 2144 qui
753 2068 780 2124 in
809 2087 907 2144 pugna
935 2066 974 2127 ad
997 2068 1146 2126 Cunaxam
1177 2089 1241 2126 cum
1266 2067 1344 2144 Cyro

312 2191 379 2245 sunt
401 2187 487 2259 caesi,
511 2195 659 2246 enumerat
674 2195 776 2265 atque,
800 2195 871 2266 quot
894 2209 932 2246 cx
948 2189 1085 2248 comitatu
1103 2188 1182 2266 regis
1197 2188 1346 2266 perierint,

312 2273 440 2380 Ctesianr
462 2311 578 2367 naimre
600 2307 691 2368 addit.
705 2306 727 2384 ¹)
757 2309 904 2387 Imprimis
918 2315 1016 2368 autern
1032 2329 1128 2368 rerum
1151 2308 1346 2370 narrationem

311 2428 352 2486 ita
373 2427 511 2501 absolvit,
535 2435 568 2486 ut
590 2428 729 2488 historiae
753 2430 781 2487 in
805 2429 970 2489 Helleniois
999 2436 1136 2514 tractatae
1165 2436 1232 2507 apte
1255 2428 1345 2488 inseri

311 2548 420 2628 possit3
452 2527 538 2608 simul
569 2555 785 2630 monumentum
823 2549 956 2609 militaris
994 2549 1130 2608 scientiae
1162 2542 1209 2608 aa
1223 2548 1345 2626 peritiae

312 2669 477 2748 relinquere
506 2677 537 2730 et
563 2672 727 2750 posteritati
757 2672 898 2730 rationem
928 2670 1052 2730 reddere
1083 2669 1196 2739 studet,
1221 2690 1280 2748 qua
1301 2690 1345 2730 sc-

312 2791 433 2850 veritate
465 2790 527 2850 dux
550 2812 692 2851 summam
721 2792 873 2863 virtutem,
904 2792 1115 2851 institutionem
1144 2791 1344 2869 praeceptoris

312 2917 446 2983 secutus,
476 2909 675 2992 appetierit.2)
735 2912 795 2972 Sed
829 2881 927 2989 'primo
964 2918 1085 2990 aspectu
1113 2931 1178 2970 cum
1210 2911 1347 2970 differant

312 3033 465 3094 Hellenica
487 3034 697 3112 aThuoydidis
721 3031 872 3110 diligentia
894 3051 928 3090 ac
945 3032 1102 3091 subtilitate
1118 3031 1199 3093 stab
1215 3031 1345 3091 Anabasi

312 3171 429 3232 quoque
457 3162 649 3233 superentur,
683 3154 768 3214 facile
803 3152 870 3233 quis
902 3153 1022 3212 inclinet
1055 3153 1091 3210 ad
1131 3153 1301 3210 sententiam
1328 3171 1346 3210 a

313 3255 618 3335 Buechsenschuetzio
642 3281 672 3332 et
692 3274 760 3332 aliis
782 3265 962 3350 prolatant),
988 3290 1062 3350 opus
1085 3271 1161 3330 illud
1182 3272 1255 3334 nihil
1279 3290 1345 3332 esse

311 3395 369 3454 nisi
391 3395 528 3454 materiae
553 3395 667 3474 copiam
683 3393 761 3454 haud
777 3390 1023 3464 contemnendam,
1048 3392 1095 3451 cui
1109 3411 1206 3450 rernm
1221 3390 1347 3469 scriptor

384 3576 986 3665 mmmmmmm'

381 3701 403 3769 2)
422 3705 455 3756 of.
473 3703 587 3755 Orsuaer
606 3700 659 3765 til·
679 3699 708 3754 ii.
728 3718 752 3768 p.
773 3697 831 3752 298.
868 3701 952 3753 Anah.
973 3699 1073 3766 111.,1,
1093 3699 1133 3751 13.

381 3806 404 3874 Β)
423 3809 458 3860 et.
477 3810 524 3860 Dr.
543 3808 628 3875 Euge}
646 3808 713 3859 Xen.
741 3801 814 3869 nolit.
843 3802 967 3868 &tellum
990 3803 1044 3856 unt
1068 3800 1237 3866 thirflomteit
1253 3799 1347 3866 timor.

314 3892 440 3962 stargard
459 3891 536 3946 1853.
573 3892 728 3960 Philologus
747 3887 860 3958 gritlmr.
879 3887 896 3955 i.
915 3889 1040 3957 hitherto.
1058 3887 1136 3956 stirp.
1156 3887 1190 3941 14
1207 3903 1266 3961 pag.
1289 3886 1347 3940 148.
