2992 4784
815 359 836 424 4

310 569 428 649 ingenii,
452 569 505 632 sed
534 569 628 649 magis
656 569 786 630 nativum
805 569 945 632 mentium
968 569 1119 650 vigorem,
1141 591 1229 651 quem
1250 580 1343 634 amem

309 700 338 752 at
370 693 588 770 temperantiam
618 690 766 752 exhibent.
818 692 916 770 Quare
946 699 1014 752 tuno
1037 691 1163 768 demum,
1186 701 1344 774 postquam

309 810 464 891 Orpheus,
494 813 650 885 Musaeus,
680 812 791 884 Linus,
826 813 973 872 Homerus
1008 813 1226 874 fundamentum
1259 814 1344 893 quasi

304 935 455 1014 jecerunt,
489 933 640 1012 donesque
681 934 795 1011 poesim
828 935 865 992 ed
899 935 970 994 artis
999 956 1127 995 normam
1163 937 1343 998 conformare

310 1061 483 1132 coeperunt,
508 1054 613 1127 Attici,
643 1054 751 1132 quibus
774 1062 874 1114 natura
905 1075 1045 1114 summam
1076 1055 1199 1116 dederat
1227 1057 1344 1134 elegen·

308 1175 378 1240 tiam
397 1193 432 1234 ae
447 1181 637 1245 venustatem,
659 1175 788 1234 certatim
802 1174 966 1253 politiorem
985 1177 1107 1236 formam
1125 1179 1151 1236 ei
1175 1197 1342 1256 comparare

309 1303 339 1356 et
360 1296 498 1374 majorem
522 1296 693 1356 varietatem
716 1302 745 1354 st
767 1296 892 1374 gretiam
915 1298 1070 1357 conciliare
1094 1297 1277 1358 studuerunt.

440 1417 484 1476 ltu
505 1423 567 1476 tum
588 1424 666 1476 artes
680 1436 719 1476 ex
730 1417 820 1477 Asiae
840 1417 898 1476 oris
918 1424 947 1478 et
964 1417 1070 1480 insulis
1087 1417 1192 1478 vicinis
1208 1417 1344 1478 inductae

312 1539 458 1610 Athenas,
489 1557 548 1615 quo
576 1557 676 1597 omnes
699 1537 878 1598 Graecorum
902 1539 977 1598 vitae
1007 1538 1092 1617 quasi
1121 1537 1193 1598 redii
1218 1515 1344 1600 couflue-

281 1726 284 1734 ,
310 1659 387 1734 bant,
409 1657 637 1737 splendidiorem
669 1659 768 1718 sedem
791 1665 890 1718 nactae
913 1667 988 1732 sunt,
1010 1667 1040 1718 ut
1064 1659 1133 1719 inde
1156 1667 1185 1720 et
1206 1661 1344 1739 aequales

312 1790 341 1840 et
358 1778 470 1858 posteri
492 1778 530 1838 ed
549 1779 654 1838 melius
679 1779 715 1838 de
738 1778 850 1838 artibus
868 1778 1013 1858 judicium
1036 1766 1275 1857 perducerentur.
1306 1781 1345 1840 Et

313 1921 379 1962 cum
400 1900 485 1978 lyrici
509 1901 690 1960 exstitissent
711 1907 826 1978 potitae,
850 1901 901 1979 qui
913 1900 962 1960 vel
973 1901 1116 1979 gravitate
1137 1901 1344 1960 sententiarum

311 2030 399 2100 atque
413 2021 554 2080 sermonis
572 2021 699 2080 animum
717 2021 938 2093 inflammabant,
961 2027 993 2080 ut
1005 2021 1134 2081 Alcaeus
1147 2028 1176 2079 et
1188 2021 1344 2092 Pindarus,

314 2143 362 2202 vel
393 2142 511 2201 lenitate
545 2149 656 2202 mentes
686 2141 874 2216 molliebant,
908 2149 941 2202 ut
972 2141 1090 2220 Sappho
1125 2115 1154 2202 et
1176 2143 1346 2203 Anacreon:

313 2271 412 2324 secute
435 2269 480 2322 est
501 2282 552 2323 eos
575 2283 678 2340 magna
697 2263 873 2341 tragicorum
892 2269 922 2322 et
941 2264 1117 2322 conricorum
1144 2263 1252 2334 series,
1266 2263 1347 2332 ¹inter

314 2402 398 2462 quos,
422 2368 561 2462 quantuni
586 2382 754 2459 Aeschylus
778 2379 970 2456 sublimitate,
994 2383 1158 2461 Sophocles
1181 2380 1344 2454 dulcedine,

313 2504 471 2582 Euripides
494 2503 646 2576 facundiis,
672 2504 885 2581 Aristophanes
908 2504 1020 2563 facetiis
1037 2503 1207 2582 salibusque
1230 2520 1346 2579 semper

313 2625 456 2705 promptis
478 2626 640 2696 eminuerit,
663 2643 748 2683 nemo
772 2633 824 2696 est,
849 2625 918 2702 quin
940 2623 1109 2685 admiretur.

443 2745 488 2804 Ita
511 2751 539 2802 in
570 2745 648 2802 omni
677 2765 784 2822 genere
813 2751 939 2822 poeseos
970 2763 1087 2821 operam
1117 2743 1293 2800 collocantes
1317 2750 1347 2801 et

314 2873 497 2926 monumenta
520 2873 704 2924 exstruentes
727 2859 897 2943 perenniora
927 2863 1023 2940 lapide
1047 2869 1076 2920 et
1097 2881 1181 2934 aere,
1209 2862 1294 2920 etiam
1318 2862 1346 2920 in

314 2987 452 3046 orationis
476 2964 628 3064 pedestris
644 2987 741 3046 studio
765 2987 802 3045 ab
824 2986 891 3046 aliis
915 2983 1044 3061 superati
1071 3001 1127 3042 non
1151 2990 1218 3041 sunt
1240 2980 1347 3041 Graeci

314 3117 343 3168 et
380 3107 522 3187 imprimis
560 3107 697 3166 historias
735 3106 960 3166 conscribendae
993 3113 1054 3164 arte
1089 3123 1229 3162 summam
1267 3101 1346 3180 apud

313 3237 449 3310 posteros
471 3229 588 3289 laudem
612 3229 668 3288 sibi
691 3236 940 3307 comparaverunt
987 3229 1060 3288 Nem
1084 3246 1149 3287 cum
1172 3226 1345 3287 Herodotus

314 3353 419 3410 heroes
443 3352 519 3423 illos,
543 3351 593 3429 qui
615 3350 703 3409 bellis
723 3349 851 3409 Persicis
874 3349 1022 3426 egregiam
1044 3347 1242 3407 fortitudinem
1265 3366 1347 3424 prae·

315 3477 461 3542 stiterunt,
487 3471 575 3549 justis
604 3492 639 3530 ae
668 3470 777 3530 moritis
808 3469 964 3528 extulisset
994 3467 1147 3539 laudibus,
1178 3474 1208 3526 et
1235 3474 1347 3543 partam

315 3592 460 3672 quandam
483 3611 552 3652 suae
570 3591 707 3652 historiae
726 3591 986 3670 praeclarissimae,
1009 3609 1066 3668 qua
1082 3607 1130 3648 res
1145 3587 1174 3646 in
1194 3595 1255 3646 toto
1275 3587 1346 3648 orbc

315 3721 454 3774 terrerum
478 3721 637 3772 memoratu
661 3712 763 3790 dignas
784 3711 956 3789 complexus
978 3718 1048 3784 erat,
1064 3710 1094 3768 in
1114 3709 1346 3787 frequentissimo

315 3833 538 3898 Atheniensium
561 3840 704 3892 conventu
727 3832 863 3910 legisset,
892 3830 1082 3911 Thucydides
1104 3829 1191 3890 leude
1214 3830 1293 3909 ejus,
1316 3835 1348 3888 ut
