2992 4784
681 460 721 526 15

186 672 235 731 val
259 691 334 745 eum,
357 671 624 750 quinamationem
646 673 686 740 ita
707 672 889 748 moderetur,
914 681 945 733 ut
965 674 1091 734 lectores
1113 675 1151 735 ad
1175 675 1217 735 in-

184 793 360 872 telligaudas
371 813 468 852 rerum
480 801 633 878 gestarum
653 813 756 854 causas
778 794 918 868 instituat,
942 795 994 854 sed
1016 796 1103 856 talem
1122 818 1218 856 narra·

184 922 293 987 torem,
323 914 361 972 ad
392 915 476 993 eujus
514 915 604 974 relato
642 915 752 974 utiliter
787 916 992 993 cognoscenda
1024 921 1218 1000 πραγματικῷ

185 1029 282 1113 potius
305 1035 413 1094 leetore
436 1043 487 1094 sut
509 1035 664 1114 interprete
689 1055 764 1113 opus
787 1035 832 1095 sit.
844 1031 868 1114 ¹)
913 1035 1118 1097 Demonstrata
1141 1040 1217 1098 enim

184 1177 238 1234 per
260 1156 464 1232 Thucydidem
489 1157 519 1214 vi
542 1157 719 1235 perniciosa,
751 1178 836 1234 quam
867 1157 969 1216 habuit
997 1158 1108 1217 bellurn
1132 1162 1218 1220 Pelo-

183 1277 391 1353 ponnesiacum
421 1276 458 1334 ad
488 1282 578 1335 totam
601 1275 755 1335 Graeciam
785 1275 1025 1349 subvertendam,
1048 1242 1217 1357 Xenophon

183 1397 315 1456 incubuit
349 1397 377 1455 in
412 1397 534 1456 virtutes
568 1405 597 1455 et
630 1397 701 1455 vitia
735 1396 861 1468 dueum,
899 1397 927 1455 in
960 1417 1057 1457 mores
1091 1399 1217 1478 denique

185 1520 367 1598 singulorum
400 1519 547 1578 hominum
583 1519 741 1578 tradendos
775 1519 834 1590 ita,
867 1526 900 1577 ut
933 1539 1029 1578 rerum
1059 1540 1111 1597 per
1137 1520 1217 1582 bella

182 1639 475 1699 administrandarum
499 1639 634 1716 exempla
658 1645 687 1698 et
715 1645 870 1716 praecepta
901 1657 1061 1716 proponere
1085 1640 1216 1702 voluisse

183 1760 327 1819 videatur.
337 1752 363 1838 2)

269 1881 336 1940 Hoo
370 1880 459 1958 igitur
492 1880 617 1958 primum
652 1882 795 1958 spectavit
823 1883 1008 1962 Xenophon,
1039 1891 1072 1942 ut
1101 1886 1217 1963 seriptis

183 2003 245 2060 suis
267 2003 348 2060 oivss
378 2021 473 2060 rerum
502 2001 675 2078 optimarum
700 1977 829 2084 seientia⁴
850 2011 878 2063 et
907 2005 1023 2064 virtutis
1044 2025 1143 2064 amore
1166 2007 1216 2064 im·

183 2121 295 2182 bueret.
325 2122 488 2180 Audiamus
512 2121 608 2199 ipsum
632 2121 661 2180 iu
684 2141 736 2180 sua
753 2122 871 2199 quidem
886 2143 972 2183 eausa
988 2131 1099 2198 testem,
1122 2131 1217 2184 tamen

182 2242 239 2301 fide
263 2242 482 2320 dignissimum
506 2242 610 2301 etenim
635 2262 735 2302 omnes
758 2242 896 2302 librorem
913 2245 978 2321 ejus
993 2245 1115 2322 paginae
1138 2244 1217 2304 idem

183 2371 326 2424 testantur
369 2365 419 2426 sie
441 2366 492 2424 ille
516 2366 545 2424 in
567 2366 643 2424 libro
667 2386 723 2425 non
747 2365 865 2444 quidem
888 2366 1029 2426 historico
1053 2359 1103 2444 (de
1113 2366 1217 2426 Venat.

186 2481 234 2558 13,
251 2482 300 2562 4):
317 2477 417 2562 ,,ἐγὼ,
437 2486 539 2565 inquit,
555 2477 673 2564 ἰδιώτης
688 2478 739 2564 μέν
764 2477 819 2564 εἰμι
843 2476 910 2545 οἶδα
932 2480 967 2546 δὲ
989 2479 1043 2561 ὅτι,
1060 2479 1216 2566 κράτιστον

182 2597 233 2684 μέν
275 2599 336 2664 ἐστι
368 2599 451 2684 παρὰ
484 2609 537 2686 τῆς
570 2597 662 2686 αὐτῆς
696 2601 816 2682 φύσεως
857 2599 890 2664 τὸ
926 2597 1037 2682 ἀγαθὸν
1072 2598 1216 2666 ὄαὶιιεσθαι

184 2724 320 2805 δεύτερον
359 2721 393 2786 δὲ
428 2719 512 2805 παρὰ
548 2719 608 2786 τῶν
650 2717 773 2804 ἀληθῶς
808 2717 931 2801 ἀγαθόν,
953 2744 980 2784 τι
1017 2719 1216 2804 ἐπισταμένων

182 2846 312 2925 μᾶλλον,
333 2837 361 2928 η’
382 2840 437 2906 ὑπὸ
464 2839 524 2906 τῶν
555 2840 701 2929 ἐξαπατῷ)
730 2838 835 2923 τέχνην
866 2837 1005 2921 ἐχόντων·
1049 2836 1141 2912 ’Ίσιυς
1165 2837 1215 2902 οὖν

181 2969 242 3036 τοῖς
271 2962 322 3046 μὲν
354 2960 491 3046 ὀνόμασιν
523 2960 557 3026 od
585 2961 810 3047 Ισεσοφισμένοις
831 2960 919 3044 λέγω·
951 2957 1021 3026 οὐδὲ
1049 2959 1106 3044 γὰρ
1135 2957 1215 3044 ζητῶ

771 3051 772 3056 ¹
1155 3077 1215 3144 ένσι

183 3200 284 3286 ὀρθῶς
307 3200 474 3286 ἐγνωσμένα
498 3199 577 3287 ζητῶ
607 3199 709 3285 λέγειν.
754 3199 904 3285 Ὀνόματα
933 3201 983 3284 μὲν
1014 3199 1070 3284 γὰρ
1103 3198 1157 3264 οὐκ
1180 3197 1214 3263 ἂν

181 3308 386 3404 παιδεύσειαν,
416 3320 442 3388 εἰ
467 3321 570 3396 καλῶς
598 3325 696 3407 ἔχοιεν
720 3372 852 3387 .....
875 3321 970 3385 καίτοι
995 3319 1158 3404 γέγραπταί
1182 3344 1215 3403 γε

181 3441 287 3523 οὕτως,
310 3435 357 3508 ἵνα
380 3440 482 3526 ὀρθῶς
503 3443 562 3526 ἔχη
578 3441 680 3527 καὶμὴ
701 3439 880 3526 σοφιστικῶς
892 3447 973 3522 ποιῇ,
998 3438 1077 3506 ἀλλὰ
1100 3442 1215 3525 σοφοὺς

180 3561 228 3628 καὶ
251 3561 391 3645 ἀγαθούς.
436 3559 479 3628 Οὒ
502 3561 558 3647 γὰρ
583 3566 678 3629 δακεῖν
703 3561 780 3628 αὐτὰ
795 3565 940 3644 βούλομαι
962 3565 1074 3645 μᾶλλον
1097 3557 1120 3648 t,
1143 3556 1216 3626 εἶναι

179 3686 321 3769 χρήσιμα,
344 3681 393 3747 ἵνα
415 3681 602 3756 ἀνεξέλεκται
624 3679 644 3766 ᾗ
666 3680 708 3756 εἷς
731 3681 807 3747 ἀεί.“

182 3789 387 3802 *—

250 3824 269 3889 1)
288 3826 321 3874 of.
340 3823 450 3876 Weiske
468 3823 535 3874 Xen.
554 3824 653 3889 scripta
672 3823 691 3874 1.
711 3839 734 3888 p.
755 3822 849 3872 XLVI.
871 3838 928 3888 sqq.

245 3909 267 3974 2)
287 3912 320 3961 of.
340 3909 452 3962 Crenaee
469 3928 494 3978 p.
513 3908 572 3962 295.
607 3911 684 3960 Peter
702 3924 795 3960 eornm.
814 3907 907 3960 eritieo
924 3909 952 3958 in
964 3908 1031 3958 Xon.
1049 3907 1121 3960 Hell.
1140 3909 1170 3974 1,
1189 3907 1214 3974 1,

175 4014 200 4066 p.
219 3995 253 4048 85
270 4014 326 4066 sqq.
363 3997 447 4050 Ulrioi
465 3996 483 4049 l.
501 3998 519 4048 l.
556 3994 628 4047 Hell.
648 3996 680 4059 1.,
701 3993 724 4058 1,
746 3993 781 4045 30
799 4010 856 4060 sqq.
874 3995 916 4057 V,
938 3993 960 4057 1,
978 3991 996 4044 4
1013 4010 1070 4058 sqq.
