2992 4784
777 418 821 485 24

281 645 450 708 possumus.
481 628 547 706 Qus
560 627 597 689 de
613 645 644 689 re
659 628 809 708 praeclare
823 627 908 689 affert
922 627 1052 704 Grotius,
1068 621 1110 709 (p.
1128 623 1202 705 380,
1220 619 1316 709 '37)1)

282 769 399 829 pacem,
428 750 504 810 inter
526 749 776 812 Lacedaemonios
799 757 828 810 et
849 749 1006 810 Thebanos
1028 749 1136 824 initam,
1159 749 1317 830 Sphodria,

282 889 369 950 quem
392 889 473 931 reum
495 870 636 943 fecerant,
660 869 776 930 demum
798 869 924 945 sublato,
947 868 1085 930 violatam
1109 835 1207 946 essai)
1228 876 1315 948 atque

281 990 510 1069 Xenophontem
548 990 635 1050 vaide
677 1007 807 1070 pugnare
846 1009 912 1050 oum
951 1007 1050 1050 amore
1084 1007 1138 1048 suo
1170 989 1316 1050 Laccdae-

281 1111 445 1170 moniorum
475 1117 504 1170 st
533 1110 601 1187 quia
623 1109 694 1169 illos
716 1116 775 1168 tam
797 1109 899 1187 paucis
922 1107 1015 1188 copiis
1038 1107 1150 1168 Thebis
1173 1109 1315 1187 expulsos

282 1249 347 1290 esse
369 1230 478 1291 referat
499 1238 529 1290 et
551 1230 618 1308 quia
638 1229 815 1308 Sphodriam
837 1230 974 1289 Piraeum
998 1249 1167 1308 oppugnare
1190 1235 1315 1288 tentasse

282 1349 350 1426 (V.,
379 1345 418 1427 4,
441 1346 502 1428 20),
526 1370 648 1428 eumque
676 1350 797 1428 Spartae
828 1351 884 1409 hoc
915 1349 1034 1410 crimine
1064 1348 1220 1409 liberatum
1250 1368 1314 1408 osse

281 1475 386 1528 namet.
432 1468 546 1528 Deinde
569 1467 763 1543 Graecorum,
793 1489 851 1528 non
873 1468 1008 1546 Agesilai
1016 1465 1042 1544 3)
1064 1468 1203 1528 historiae
1226 1469 1316 1547 scrip·

281 1595 374 1648 torem
390 1607 421 1648 sc
438 1607 503 1647 esse
520 1588 845 1666 profiteturXenophon
859 1587 922 1666 ipse
939 1588 985 1646 his
999 1587 1098 1647 verbis
1114 1582 1206 1668 (vn,
1227 1584 1255 1663 2,
1270 1582 1314 1665 l):

281 1699 366 1785 „dpoi
388 1700 422 1767 δὲ
444 1704 527 1766 δοκεῖ
546 1699 595 1767 καὶ
617 1701 644 1768 ἐί
660 1724 703 1775 τις
724 1700 815 1786 μικρὰ
835 1701 921 1775 πόλις
944 1693 1020 1766 οὖσα
1040 1699 1141 1766 πολλὰ
1164 1698 1213 1767 καὶ
1234 1700 1314 1766 καλὰ

281 1821 355 1906 ἔργα
377 1819 590 1906 διαπέπρακται
611 1823 655 1888 ἔτι
677 1825 790 1905 μᾶλλον
814 1822 894 1894 ἄξιον
917 1816 989 1888 εἶναι
1010 1819 1214 1906 ἀποφαίνειν.“

368 1948 456 2026 Quod
479 1969 535 2007 non
559 1951 654 2007 solum
669 1948 725 2007 sibi
741 1948 941 2026 proposuisse,
966 1946 1017 2007 sed
1041 1947 1129 2008 etiam
1144 1954 1314 2006 exsecutum

283 2087 348 2128 esse
372 2067 599 2154 Xenophontem
633 2088 687 2146 per
719 2075 782 2126 tota
816 2067 971 2144 Helienioa
1012 2067 1208 2144 conspicitur,
1249 2085 1314 2125 nam

283 2189 442 2268 Agesilaus
465 2190 599 2250 omnibus
622 2189 696 2250 locis
718 2197 778 2248 tam
798 2189 912 2249 alienus
938 2196 983 2249 cst
1003 2210 1021 2249 a
1044 2209 1140 2249 rerum
1162 2196 1193 2248 et
1214 2208 1316 2268 garen-

281 2309 383 2368 darum
406 2315 435 2368 et
456 2300 605 2387 g'esterum
627 2317 746 2369 auctore
768 2316 856 2388 atque
880 2310 984 2387 capite,
1005 2309 1095 2368 immo
1118 2309 1217 2382 multa,
1240 2326 1315 2386 quaa

282 2427 400 2488 minime
434 2428 472 2487 ad
495 2448 562 2488 eum
594 2429 749 2506 pertinent,
780 2435 858 2488 tanta
889 2448 955 2487 cum
987 2447 1056 2487 cura
1083 2436 1252 2501 narrantur,
1282 2411 1316 2486 ut

282 2547 420 2626 cogitatio
442 2547 494 2608 illa
517 2548 653 2626 scriptori
676 2547 793 2609 subdita
815 2548 868 2607 vix
899 2547 980 2626 operi
1002 2548 1117 2621 inferri,
1147 2546 1253 2607 nedum
1277 2566 1316 2607 ex

281 2687 318 2728 eo
338 2637 442 2746 'possit
471 2662 663 2748 enucleans)
713 2668 819 2729 Contra
847 2668 884 2727 de
916 2669 982 2727 loco
1013 2668 1095 2728 Heli,
1123 2667 1179 2741 IL,
1203 2662 1239 2742 2,
1267 2661 1314 2741 10,

195 2846 197 2852 ,
281 2790 353 2847 haec
365 2788 425 2848 fore
437 2789 610 2866 Kruegsrus
626 2788 752 2866 profert:
775 2789 827 2863 „In
843 2788 986 2867 proximis
998 2788 1179 2847 Athenarum
1199 2787 1316 2846 casibus

280 2907 415 2968 adversis
438 2908 589 2968 narrandis
611 2908 727 2968 minime
750 2915 884 2968 movetur
907 2907 1040 2985 scriptor.
1071 2907 1139 2968 Hoc
1160 2905 1226 2967 loco
1240 2906 1315 2985 quis,

281 3026 372 3104 rerba
393 3047 451 3086 non
472 3027 511 3086 ad
534 3047 665 3106 poenam,
689 3027 794 3087 sodex
809 3026 973 3101 insolentia,
996 3026 1090 3108 magis
1104 3026 1315 3105 exscriptoris,

283 3167 370 3226 quam
400 3147 622 3207 Atheniensium
648 3148 755 3208 animo·
782 3147 858 3206 dicta
895 3167 961 3218 esse
991 3166 1048 3206 non
1078 3145 1266 3225 intelligat?“
1289 3152 1318 3205 et

281 3267 340 3328 elio
363 3268 438 3342 loco,
461 3266 512 3327 ubi
534 3266 665 3346 loquitur
688 3267 724 3327 de
738 3266 946 3343 Xenophontis
963 3265 1061 3325 studio
1084 3285 1154 3343 erga
1171 3263 1316 3326 Lacedae-

284 3403 491 3414 -———-

352 3471 373 3538 1)
391 3473 424 3524 ci.
443 3473 538 3524 Vater:
562 3469 639 3525 heheu
673 3471 715 3524 bet
742 3467 884 3536 ditioribus
911 3488 937 3538 p.
964 3467 1024 3522 343.
1070 3470 1175 3522 Sicvers
1202 3485 1229 3535 p.
1256 3465 1317 3520 182.

282 3559 436 3612 Lachmann
452 3560 494 3624 11,
513 3577 537 3626 p.
557 3556 618 3610 401.

351 3643 376 3712 2)
395 3645 468 3696 Hell.
487 3646 520 3710 V,
538 3642 563 3711 2,
581 3643 625 3697 34.
661 3646 695 3696 cf.
713 3643 791 3696 Diod.
809 3644 868 3710 XV,
886 3641 928 3696 29.

350 3729 374 3797 Β)
392 3733 427 3783 cs.
445 3732 564 3784 Niebuhr
580 3732 599 3783 l.
618 3731 636 3782 1.
654 3747 679 3799 p.
697 3727 758 3783 469.

351 3816 374 3882 4)
393 3819 427 3870 cf.
444 3819 574 3886 Krueger.
594 3813 909 3883 manumittenti.
933 3811 1055 3882 iirtiiung
1075 3809 1317 3880 beritietuhr’idrn

284 3899 382 3974 &prist
401 3899 461 3957 tta
480 3904 546 3957 Xon.
565 3902 638 3957 Hell.
