2992 4784
676 461 716 526 21

180 665 333 746 tribuitil)
376 669 435 730 sed
459 669 534 730 hanc
555 669 674 730 laudem
697 671 775 730 omni
804 691 842 730 cx
864 677 945 749 parte
964 671 1073 750 justam
1096 689 1163 730 esse
1186 677 1216 744 et

180 791 408 869 Xenophontem
430 791 458 849 in
481 791 601 850 historia
623 761 832 851 conscribenda
848 791 964 850 omnino
981 811 1104 851 vacuum
1123 791 1215 852 fuisse

181 913 223 971 ira
236 906 279 986 vae
302 911 399 972 studio
422 933 439 971 a
461 913 563 972 multis
585 919 722 990 negatur,
754 933 820 972 cum
842 933 909 972 eum
931 911 1039 971 exsilio
1055 911 1213 971 multatum

180 1051 236 1093 nou
268 1031 359 1092 modo
391 1032 521 1092 nativum
552 1033 775 1093 Atheniensium
809 1033 957 1110 ingenium
991 1032 1126 1106 exuisse,
1160 1031 1214 1118 sed

182 1153 323 1231 Agesilao
352 1141 671 1231 Lacedaemoniisque,
707 1152 948 1231 pertinacissimis
965 1151 1041 1226 ,illis
1069 1151 1214 1212 libertatis

179 1273 401 1334 Atheniensium
426 1272 578 1346 hostibuS,
608 1273 817 1332 amicissimum
846 1273 937 1332 suissc
967 1293 1006 1331 ex
1034 1271 1119 1331 libris
1148 1273 1213 1352 ejus

178 1399 284 1471 pateat.
304 1425 346 1433 -
365 1391 575 1453 Vehementius
609 1379 708 1483 autem
729 1413 827 1471 quam,
849 1394 959 1472 justins
998 1391 1145 1452 invehitur
1183 1369 1213 1452 ii

177 1513 405 1592 Xenophontem
438 1512 632 1584 Niebuhrius‚
664 1513 713 1591 qui
752 1513 871 1573 scelesti
905 1514 933 1571 in
967 1512 1090 1590 patriam
1123 1512 1212 1572 animi

178 1631 351 1693 documenta
381 1633 443 1692 odii
469 1635 557 1712 plena
588 1653 656 1694 eurn
686 1631 825 1692 exhibere
857 1632 929 1692 dicit
951 1641 980 1691 et
1002 1632 1212 1710 civemsmagis

177 1752 353 1831 degenerem
373 1753 484 1812 nnllam
506 1771 633 1831 unquam
656 1752 949 1832 civitatemejecisse
972 1749 1106 1826 censet2)
1151 1751 1212 1812 Sed

176 1873 347 1952 priusquam
370 1873 586 1946 examinemus,
616 1880 761 1951 quatenus
789 1873 864 1932 tales
894 1872 1097 1932 accusationes
1125 1891 1212 1950 argu·
1262 1867 1264 1872 ’

175 1991 281 2050 mentis
310 1991 438 2050 firmatae
469 1998 548 2065 sent,
570 1997 653 2050 antea
675 1990 832 2049 nonnullos
854 2011 870 2048 e
893 1983 1104 2068 Xenophontis
1127 1990 1212 2049 libris

176 2085 259 2171 locos
289 2110 528 2185 consideremus,
563 2111 613 2189 qui
645 2110 682 2171 ad
718 2110 887 2170 sententiam
920 2111 1001 2169 iliam
1031 2110 1212 2169 refutandam

176 2229 292 2308 aliquid
315 2230 444 2289 conferre
466 2229 595 2307 possint:

263 2349 393 2410 Primum
412 2349 500 2426 igitur
507 2349 589 2408 Hell.
602 2349 638 2422 l„
649 2345 679 2422 5,
695 2343 732 2407 16
749 2344 851 2427 sqq.³),
874 2347 926 2407 ubi
940 2355 1007 2426 apta
1019 2348 1212 2427 Xenophonti

177 2469 295 2530 occasio
317 2475 378 2528 erat
399 2467 467 2527 date
488 2467 527 2527 ad
548 2466 770 2546 vituperandam
784 2468 881 2527 variae
903 2488 938 2527 ac
954 2467 1103 2545 mutabilis
1119 2469 1211 2527 Athe-

175 2590 319 2650 niensium
333 2589 432 2668 plebis
442 2581 624 2668 potestatem,
641 2589 697 2648 hoc
709 2595 819 2648 tantum
834 2590 938 2649 rescrt:
955 2587 1026 2647 Cum
1039 2586 1210 2648 Alcibiades

173 2709 213 2769 ed
235 2709 398 2768 Phocaeam
422 2708 612 2768 obsidendam
634 2699 1008 2781 anavibus'discessisset,
1027 2716 1056 2767 et
1071 2708 1211 2783 Antiochi

174 2831 333 2890 temeritate
346 2830 549 2902 Athenienses,
573 2829 656 2890 clade
670 2828 749 2908 apud
761 2829 882 2889 Notium
897 2836 1026 2906 accepta,
1045 2828 1211 2906 quindecim

173 2969 264 3010 naves
286 2950 464 3022 amisissent,
477 2948 643 3009 Alcibiadis
666 2950 768 3029 culpae
790 2949 822 3010 id
845 2948 925 3008 domi
947 2948 1102 3024 tributum3
1125 2947 1210 3007 abro-

172 3077 272 3150 gatum
295 3077 340 3130 est
362 3069 388 3129 ei
412 3069 567 3147 imperium
582 3071 612 3130 iu
627 3069 748 3148 ejusque
770 3071 869 3130 locum
885 3070 1029 3129 successit
1043 3069 1152 3128 Conon.
1167 3101 1208 3112 -—

172 3190 322 3250 Diodorus
355 3209 426 3250 vero
461 3188 565 3248 eodem
599 3188 666 3249 loco
700 3189 770 3248 vitia
807 3189 849 3249 rci
882 3187 1019 3269 publicae
1052 3189 1209 3248 Athenien-

172 3311 247 3370 sium
269 3311 403 3372 acerbius
418 3311 606 3390 persequitur
617 3319 645 3370 et
659 3312 754 3371 minus
769 3312 904 3389 indulget
915 3311 1050 3370 licentiae
1067 3309 1164 3388 plebis
1172 3306 1208 3388 4),

172 3448 262 3508 quae,
296 3431 375 3490 inani
405 3408 571 3510 suspicione
605 3432 748 3506 adducta,
788 3432 913 3490 eundem
951 3432 1047 3490 virum
1084 3431 1208 3510 imperio

170 3549 309 3626 privavit,
340 3570 427 3627 quem
456 3551 544 3610 modo
566 3559 650 3611 antea
680 3551 766 3611 etiam
796 3559 830 3611 ut
858 3552 946 3611 deum
969 3557 1105 3612 venerata
1135 3558 1206 3610 erat.

240 3685 260 3750 1)
279 3687 313 3737 cf.
332 3686 441 3737 Weiske
459 3686 479 3737 l.
496 3676 514 3736 l.

239 3769 261 3836 ²)
279 3772 314 3822 of.
332 3769 375 3824 sl.
396 3766 446 3835 bist.
467 3767 531 3835 pbil.
550 3766 623 3833 &dun
642 3789 667 3837 p.
686 3768 746 3822 467.

238 3854 260 3921 ³)
279 3857 312 3908 cf.
331 3856 402 3908 Plut.
420 3853 470 3921 35,
487 3854 512 3908 3.
548 3856 627 3909 Diod.
646 3855 719 3908 XIII.
741 3855 790 3922 73,
816 3853 859 3909 74.

237 3939 657 4010 Omfflmwhffi·
