2992 4784
649 480 691 546 25

154 689 267 749 monins
281 689 321 748 ita
338 689 481 768 disputat:
504 689 647 767 „scriptor
658 688 775 768 gaudet,
792 686 872 766 quod
888 706 1030 767 prospere
1046 686 1185 747 eveniunt

155 829 203 869 res
233 828 354 890 eorum,
388 810 439 887 qui
468 809 607 869 beneficia
640 809 671 869 in
699 810 797 888 ipsum
826 807 1011 868 contulerunt
1032 813 1062 866 at
1084 805 1187 896 dolore

156 929 302 1008 quodam,
336 929 476 989 historico
505 948 607 1008 pamm
637 928 759 1007 quidem
789 927 998 1003 conveniente,
1032 927 1189 1006 imaginem

157 1041 246 1128 opum
269 1069 370 1110 eorum
391 1048 551 1109 labentium
574 1048 717 1128 depingit.

243 1169 304 1230 Sed
324 1170 406 1229 illam
422 1170 592 1230 sententiam
607 1189 624 1229 a
639 1171 794 1247 Kruegero
815 1168 959 1246 prolatam
975 1167 1191 1230 examinemus:

158 1298 188 1348 et
216 1296 332 1349 vetares
361 1296 391 1350 et
419 1290 511 1350 nostri
540 1309 598 1349 uno
628 1308 732 1350 omnes
763 1309 812 1348 ore
836 1288 1034 1362 consentiunt,
1058 1290 1191 1349 Athenas

158 1409 314 1470 insolentia
348 1416 378 1469 et
410 1410 535 1489 superba
568 1410 599 1468 in
632 1410 730 1470 socios
763 1408 937 1470 crudelitate
971 1409 1131 1483 cecidisse3
1162 1416 1193 1468 et

158 1529 353 1608 Xenophonti
373 1531 467 1608 gratia
489 1529 624 1589 habenda
646 1537 709 1603 ast,
739 1499 819 1607 quod
849 1529 879 1588 in
909 1550 940 1590 re
970 1536 1028 1588 tam
1055 1529 1141 1608 gravi
1163 1535 1193 1589 et

159 1651 213 1711 toti
235 1649 375 1710 Graeciae
399 1657 456 1708 tarn
478 1650 642 1728 perniciosa
658 1651 830 1710 sententiam
852 1669 933 1710 suam
955 1669 1014 1710 non
1035 1649 1193 1724 reticuerit,

160 1771 330 1849 praesertim
366 1789 430 1829 cum
463 1769 495 1830 id
528 1769 631 1829 feeerit
656 1771 822 1847 integritate
851 1771 991 1832 historico
1021 1770 1194 1845 necessaria,

161 1891 242 1950 nulla
269 1889 426 1950 acerbitate
455 1888 594 1949 admixta.
625 1923 666 1932 -
696 1890 778 1948 Illud
806 1897 904 1950 autem
934 1911 1004 1968 erga
1034 1891 1194 1968 Spartanos

165 2012 396 2090 Agesilaumque
420 2009 559 2085 studium,
582 2031 618 2068 na
640 2009 678 2069 ab
701 2011 738 2069 iis
760 2011 896 2100 quidem,
927 2011 977 2088 qui
1007 2009 1045 2070 ad
1074 2009 1194 2069 laudem

162 2131 372 2210 Xenophontis
405 2150 522 2209 semper
555 2131 682 2209 prompti
704 2139 772 2190 sunt
781 2125 822 2211 1),
846 2131 873 2190 ei
896 2131 1109 2210 abjudicatum,
1134 2131 1196 2210 jam

162 2253 272 2313 idcirco
306 2272 364 2312 non
397 2258 546 2330 tantopere
580 2251 807 2329 vituperandum
843 2269 908 2310 esse
941 2251 1079 2324 videtur,
1114 2249 1196 2329 quod

162 2374 339 2452 Xenophon,
356 2379 388 2458 nt
403 2373 611 2451 Spartanorum
625 2372 715 2432 nehus
729 2372 855 2445 faveret,
872 2371 1001 2432 Socratis
1017 2372 1198 2432 institutione

164 2501 226 2553 erat
247 2493 395 2553 adductus
404 2487 447 2568 ²);
478 2493 646 2571 neutiquam
667 2511 739 2551 vero
770 2491 867 2550 elucet
887 2491 998 2551 invidia
1021 2491 1072 2552 vel
1094 2492 1199 2570 injuria

163 2613 308 2674 adversus
330 2613 536 2675 Athenienses.
572 2613 600 2672 A
624 2630 683 2690 quo
706 2617 825 2689 peccato
848 2617 989 2689 quantum
1010 2611 1145 2682 abfuerit,
1168 2610 1199 2670 id

166 2733 291 2812 denique
321 2733 497 2793 documento
526 2733 583 2804 sit,
614 2730 694 2808 quod
715 2731 901 2809 Xenophon,
932 2731 984 2809 qui
1009 2730 1089 2809 apud
1122 2731 1198 2792 alios

166 2855 277 2932 patriae
298 2872 427 2926 amorem
449 2851 520 2910 tanti
540 2849 722 2924 aestimabat,
744 2850 773 2908 in
796 2849 899 2928 primis
922 2849 1080 2910 virtutibus
1101 2869 1202 2909 nnme-

166 2966 293 3052 rabati),
318 2971 425 3031 exsilio
448 2970 573 3042 sublato,
596 2969 647 3049 qui
669 2971 728 3049 ipsi
743 2969 884 3029 carissimi
907 2977 997 3040 erant,
1019 2969 1098 3029 tilios
1120 2988 1200 3044 snos,

167 3093 301 3152 Athenas
316 3091 468 3152 militatem
484 3089 608 3167 mittet).
642 3090 702 3151 Sed
720 3089 782 3169 jam
796 3095 924 3148 nostram
941 3087 978 3148 de
993 3089 1202 3167 Xenophontis

166 3210 224 3270 tide
246 3218 277 3271 et
303 3210 475 3271 auctoritate
506 3209 677 3272 sententiam
705 3207 835 3268 breviter
864 3207 1019 3284 complecti
1045 3226 1203 3285 possumne

166 3331 248 3390 hisce
271 3329 379 3405 verbis,
402 3329 619 3410 corruptionem
633 3326 764 3388 veritatis
780 3326 807 3386 ei
822 3325 936 3386 crimini
954 3324 1017 3384 deri
1032 3345 1090 3386 non
1104 3345 1203 3405 posse,

168 3449 223 3509 sed
252 3456 348 3511 tamen
378 3468 465 3509 caeco
496 3449 624 3527 quodam
655 3448 754 3508 studio
786 3467 856 3525 erga
886 3446 983 3506 omnia
1012 3447 1206 3508 aLaeedae·

170 3565 377 3580 —m

237 3615 258 3682 1)
275 3618 309 3669 et.
328 3615 475 3669 Delbrttok.
491 3615 559 3668 Xan.
578 3626 622 3681 sur
639 3613 754 3682 aeruna
774 3612 851 3677 [einer
870 3611 942 3680 burh
959 3614 1080 3668 Niebuhr
1104 3612 1202 3681 gettha

170 3701 241 3756 haten
260 3699 326 3767 tiata
344 3699 489 3767 torpritrtlt.

238 3786 260 3854 2)
277 3787 400 3857 Agesilai
417 3803 498 3840 suasu
515 3786 585 3838 tilios
603 3801 665 3838 suos
683 3785 804 3853 Spartam
822 3783 972 3838 educandos
989 3786 1070 3838 misit.

238 3870 584 3940 ammaum&
735 3879 737 3884 ·

239 3957 262 4028 4)
281 3957 310 4011 Si
328 3959 445 4028 Diogeni
462 3959 542 4012 aare
568 3955 615 4023 (11,
633 3955 678 4024 63)
696 3957 775 4010 fldem
792 3957 890 4012 hahere
907 3956 980 4010 lieet.
