2992 4784
853 455 894 520 10

440 655 500 718 Sed
531 679 597 720 eum
626 659 655 722 iu
679 662 735 724 hoc
765 664 868 726 libello
898 666 1020 728 secundi
1043 675 1155 728 tantum
1178 669 1291 732 ordinis
1315 673 1383 732 ratio

354 775 487 838 habenda
517 780 568 854 sit,
598 782 629 841 in
658 785 847 862 expeditione
871 787 942 865 Cyri
972 795 1001 850 et
1031 789 1151 850 historia
1178 790 1292 852 Graeca
1322 815 1384 854 eon·

354 897 518 962 siderandis
540 923 595 963 nos
618 906 764 967 continere
787 906 944 982 debemus,
972 911 1053 989 qnod
1083 913 1140 971 alia
1169 913 1264 974 omnia
1286 915 1383 974 Xeno-

353 1020 471 1097 phontis
494 1024 602 1102 seripta
625 1028 736 1105 primae
759 1037 788 1090 et
809 1030 911 1090 tertiae
933 1031 1021 1091 classi
1043 1032 1236 1092 adscribenda
1260 1042 1334 1094 sunt.

438 1144 569 1207 Primum
584 1147 674 1228 igitur
688 1149 717 1208 in
737 1152 906 1228 quaestione
922 1152 959 1211 de
971 1153 1111 1230 scriptore
1122 1154 1294 1214 Anabaseos
1309 1165 1383 1214 mota

346 1261 459 1340 judicio
482 1267 641 1342 Plutarchi,
667 1271 744 1332 hune
762 1271 869 1331 librum
891 1293 908 1332 a
928 1273 1125 1352 Xenophonte
1141 1275 1302 1352 profectum
1320 1296 1380 1334 csse

348 1389 485 1464 putantis,
500 1390 717 1451 assentiendum
732 1411 797 1452 esse
821 1406 983 1455 censemus.
1014 1393 1074 1454 Sed
1091 1395 1154 1454 sive
1176 1397 1295 1474 majoris
1316 1397 1380 1456 fidei

349 1508 558 1569 nanciscendae
581 1512 699 1583 ratione,
722 1513 785 1571 sive
799 1513 944 1574 modestia
966 1514 1004 1573 ad
1021 1514 1265 1576 dissimulandum
1280 1537 1381 1576 nomen

351 1647 434 1715 serum
443 1638 594 1708 permotus
603 1632 839 1711 estXenophon:
853 1653 927 1712 opus
936 1634 973 1694 ds
983 1635 1170 1712 expeditione
1180 1635 1251 1714 Cyri
1262 1637 1379 1696 minoris

347 1748 384 1808 ab
409 1769 443 1809 eo
467 1751 607 1830 scripturn
630 1772 695 1813 esse
710 1754 789 1831 apud
804 1773 914 1814 omnes
930 1756 1088 1834 scriptores
1110 1763 1234 1831 veteres,
1259 1778 1380 1836 quorum

349 1871 469 1949 quidem
484 1873 649 1932 testimonia
662 1873 749 1934 nobis
771 1875 878 1934 tradita
897 1870 1001 1953 sunt,¹)
1024 1871 1176 1956 constet.2)
1200 1879 1265 1955 Qua
1289 1878 1325 1938 de
1349 1900 1378 1938 re

348 1996 400 2074 qni
415 1996 705 2070 dubitant‚adversus
722 1996 951 2056 eosDindorfius
962 2016 1020 2056 non
1033 1997 1132 2076 inepte
1146 1999 1295 2077 disputare
1310 2000 1378 2059 mihi

348 2117 475 2192 videtur,
499 2138 573 2191 cum,
597 2117 677 2196 quod
689 2118 859 2196 Xenophon
875 2118 1002 2178 lectores
1018 2112 1123 2197 suos3)
1146 2119 1184 2177 ad
1200 2120 1378 2192 „Anahasim

347 2238 603 2317 Themistogenis“
627 2246 759 2315 revocat,
785 2240 991 2318 Aristophanis
1021 2240 1158 2318 exemplo
1188 2241 1228 2298 ita
1260 2240 1377 2318 probat:

346 2358 578 2437 „Aristophanes
616 2360 799 2438 Eupolisquc
837 2360 1029 2438 complurium
1059 2359 1225 2419 fabularum
1261 2379 1377 2420 suerum

343 2480 470 2558 gloriam
492 2480 595 2541 alienis
624 2480 794 2540 auctoribus
817 2482 999 2542 concessisse
1022 2445 1122 2540 traditi
1151 2487 1218 2539 sunt
1246 2481 1377 2540 obscuris

343 2600 511 2660 hominihus
541 2601 732 2680 quibusdam,
762 2601 944 2676 Callistrato,
977 2601 1150 2674 Philonide,
1180 2602 1376 2662 Demostrato.

343 2724 409 2782 Hos
425 2743 482 2801 quo
506 2723 620 2783 tandem
638 2723 692 2782 fine
707 2730 758 2783 aut
772 2723 878 2801 quihus
902 2723 1052 2783 decausis
1071 2722 1102 2782 id
1115 2724 1221 2782 fecisse
1239 2723 1376 2795 dicamus,

343 2863 417 2922 quos
441 2843 580 2915 sciamus,
607 2863 701 2922 neque
731 2851 839 2903 metum
870 2844 963 2903 ullum
987 2865 1113 2922 unquam
1138 2863 1172 2902 co
1196 2844 1373 2922 compulisse

342 2973 371 3024 et
403 2964 477 3024 adeo
513 2985 571 3024 non
604 2965 726 3024 latuisse
762 2963 990 3023 Atheniensibus
1029 2964 1083 3024 suh
1120 2963 1215 3024 aliena
1248 2983 1373 3042 persona

340 3083 531 3144 absconditos
544 3084 596 3144 vix
612 3092 645 3143 ut
660 3084 788 3158 illorum,
812 3103 886 3161 quos
908 3083 1068 3158 finxissent,
1088 3091 1240 3143 auctorum
1263 3085 1372 3161 exigua

338 3204 375 3264 ab
394 3225 451 3265 uno
475 3213 503 3265 et
525 3205 618 3265 altero
637 3206 890 3283 grammaticorum
910 3205 1049 3265 memoria
1069 3211 1241 3264 conservata
1258 3201 1371 3280 siti’“4)

339 3369 341 3374 -
422 3329 496 3387 Post
518 3328 591 3388 hanc
619 3326 740 3386 brevem
768 3326 979 3414 digressionem
1010 3333 1052 3384 ut.
1073 3326 1224 3386 veniamus
1246 3327 1284 3385 ad
1308 3347 1370 3386 rem

336 3447 449 3526 ipsam,
484 3448 616 3508 Anahasi
649 3445 781 3507 narratur
818 3446 967 3526 expeditio
999 3447 1068 3526 Gyri
1110 3447 1230 3506 minoris
1271 3455 1370 3507 contra

406 3624 425 3691 1)
444 3628 478 3677 ef.
497 3628 576 3693 Diog.
594 3625 680 3677 Laert
701 3626 732 3678 de
750 3628 797 3677 vit·
816 3626 880 3675 Xan,
901 3640 959 3691 cap·
977 3622 1018 3675 57.
1056 3621 1214 3675 Plutarchus
1233 3624 1265 3675 de
1283 3624 1370 3692 gloria

334 3711 431 3764 Athen.
450 3713 490 3763 ed.
509 3711 606 3764 Reisks
623 3730 649 3779 p.
668 3711 728 3763 361.

402 3797 424 3864 2)
443 3801 476 3850 cf.
497 3799 641 3849 Schneider
659 3799 692 3849 ad
711 3799 810 3849 Hister.
830 3798 922 3852 Graec.
942 3795 997 3861 1v,
1017 3794 1041 3862 1,
1060 3796 1083 3848 2.

401 3884 424 3951 ⁸)
443 3885 514 3937 Hell.
533 3886 590 3950 111,
610 3884 634 3951 l,
653 3883 677 3936 2.

399 3969 422 4040 4)
442 3972 526 4024 Anah.
545 3971 617 4039 Lips.
637 3968 705 4024 1825
723 3972 804 4039 praef.
823 3988 847 4043 p.
869 3969 909 4022 10.
