2992 4784
825 403 868 472 26

329 599 435 681 moniis
464 611 595 674 instituta
616 612 791 692 impeditum
822 633 904 690 assa,
927 615 1083 694 quominus
1106 617 1144 678 de
1172 617 1260 680 rebus
1281 626 1355 681 recto

324 730 472 811 judicaret
494 739 524 792 et
544 731 629 792 alteri
650 734 727 812 parti
749 733 877 794 debitam
898 734 1017 796 laudem
1039 734 1181 798 tribueret
1192 733 1216 816 ¹)

821 949 829 966 .
852 900 882 966 h.

407 1017 468 1090 De
490 1017 583 1090 eliis
605 899 893 1106 scriptoribus,
916 1018 1059 1090 eedem
1087 1023 1273 1112 tempore

680 1137 995 1210 illustrantibus.

412 1300 473 1362 sed
496 1307 528 1360 ut
549 1301 635 1379 plane
658 1301 819 1380 dijudicare
842 1321 999 1379 queamus,
1029 1310 1136 1381 quanta
1158 1304 1231 1364 fides
1253 1306 1351 1365 Xeno·
1467 1285 1468 1316 i

324 1421 442 1499 phontis
456 1419 540 1482 libris
555 1421 712 1502 irroganda
728 1421 774 1497 sit,
793 1421 880 1480 etiam
896 1421 971 1481 alios
982 1429 1117 1482 auctores
1129 1424 1354 1498 consideremus,

324 1539 508 1618 qui-eadem,
531 1548 618 1620 atque
640 1540 691 1608 ille
714 1540 904 1601 tradiderunt.
949 1541 1046 1600 Valde
1077 1543 1168 1620 igitur
1195 1543 1354 1604 dolendum

323 1668 375 1736 est,
398 1662 478 1740 quod
501 1668 543 1721 tol
565 1661 695 1721 historici
709 1663 824 1720 funesto
840 1660 899 1721 fato
922 1661 1099 1735 interierunt,
1122 1665 1223 1741 paucis
1245 1672 1354 1724 aarum

322 1789 351 1841 ct
387 1781 498 1842 mancis
534 1801 655 1861 operum
691 1781 860 1859 fragmentis
897 1781 983 1841 nobis
1018 1757 1150 1857 relictis,
1184 1785 1353 1861 praesertim

322 1921 387 1962 cum
409 1909 452 1961 tot
474 1908 503 1960 ct
524 1901 731 1978 Xenophontis
759 1900 899 1978 aequales
928 1908 957 1960 et
986 1907 1055 1978 post
1076 1921 1140 1960 eum
1164 1902 1279 1977 fuerint,
1304 1905 1355 1982 qui

320 2007 420 2081 cidem
447 2020 535 2080 aetati
563 2019 660 2078 lucem
681 2018 858 2079 effuderunt.
884 2001 924 2060 ὲ-
948 2019 996 2077 Ex
1027 2017 1161 2079 omnibus
1190 2028 1288 2083 autem
1318 2023 1355 2083 iis

319 2147 451 2200 veterum
474 2139 607 2217 scriptis,
637 2157 712 2217 quae
736 2137 891 2216 usquead
914 2137 1078 2198 Alexandri
1101 2138 1204 2217 Magni
1226 2148 1353 2202 aetatem

318 2261 476 2339 pertinent,
500 2259 613 2320 Ctesias
637 2259 731 2319 cnidii
757 2277 845 2336 opera
868 2258 993 2318 maxime
1015 2257 1174 2317 dolendum
1196 2267 1247 2331 est,
1271 2262 1353 2338 quod

317 2381 495 2442 interierunt.
540 2380 571 2439 Is
593 2379 680 2452 enim,
703 2379 910 2457 Xenophontis
932 2378 1080 2456 aequalis,
1107 2377 1209 2440 aderat
1235 2400 1353 2460 pugnae

317 2501 355 2562 ad
386 2500 538 2562 Ounaxom
567 2501 672 2560 factam
701 2500 731 2559 in
762 2500 937 2560 Artaxerxis
964 2505 1047 2580 parte
1077 2506 1106 2558 et
1139 2501 1216 2560 vixit
1242 2502 1352 2562 exinde

315 2642 369 2702 per
391 2622 590 2701 septendecim
611 2641 702 2682 annos
719 2621 803 2683 Susis
818 2621 925 2682 medici
941 2621 1051 2699 regalis
1074 2641 1192 2682 munero
1214 2622 1350 2701 fungens.

315 2743 425 2803 Partim
441 2749 626 2822 percontatus
640 2750 737 2804 sutem
752 2742 816 2822 ipse
839 2761 894 2817 res,
916 2742 1023 2821 partim
1037 2741 1177 2802 adhibitis
1192 2743 1351 2807 Persarum

313 2863 424 2924 tabulis
457 2862 586 2942 publicis
620 2869 649 2922 et
679 2861 852 2936 annalibus,
883 2863 1032 2923 materiam
1063 2862 1184 2940 collegit
1205 2862 1350 2923 librorum

313 2949 431 3044 suorum
465 2981 584 3060 virginti
624 2982 712 3042 trium
745 2973 918 3061 ‚‚llepcoroi“
951 2981 1150 3060 insciptorum.
1215 2981 1348 3059 Quorum

311 3102 471 3182 fragmenta
493 3101 637 3181 quaedam
660 3122 676 3162 e
699 3101 859 3161 Plutarcho
881 3099 997 3179 cognita
1018 3098 1160 3160 habemus
1183 3119 1221 3160 ex
1242 3101 1348 3180 primis

311 3240 366 3281 sex
387 3219 472 3280 libris
494 3220 681 3280 historiarum
704 3220 767 3299 ejus
789 3220 1013 3299 Assyriacarnm
1036 3218 1196 3297 desumpta,
1217 3227 1306 3298 atquo
1330 3242 1347 3282 e

310 3341 433 3420 reliquis
456 3339 654 3418 septendecim
677 3339 802 3417 epitome
829 3337 915 3398 uobis
945 3344 1117 3398 conservata
1146 3337 1241 3398 estin
1264 3337 1347 3413 „hib-

308 3456 453 3520 liotheca“
475 3459 584 3520 Photii.
629 3459 672 3519 At
693 3464 760 3518 sunt
779 3457 859 3539 apud
875 3457 1013 3516 Photium
1035 3457 1197 3536 fragments
1220 3457 1345 3534 Ctesias,

308 3599 397 3658 quem
430 3577 565 3638 fabulose
598 3577 649 3637 ills
690 3578 847 3640 tradidisse
888 3578 929 3636 ait
969 3577 1107 3637 historiae
1141 3579 1342 3657 repugnantia.

308 3699 370 3761 Sed
400 3699 516 3760 Ctesias
549 3697 645 3777 ipsius
678 3697 752 3758 fides
780 3698 842 3777 jam
874 3695 1024 3758 veteribus
1056 3696 1112 3758 fuit
1145 3702 1279 3776 suspects
1312 3704 1343 3758 et

378 3885 398 3954 ¹)
416 3888 450 3940 ol.
468 3887 583 3943 Oreuusr
599 3901 624 3955 p.
644 3883 703 3940 292.
740 3885 850 3942 Weiske
867 3885 890 3952 Ι,
907 3901 933 3955 p.
951 3883 1064 3940 xxvn.
